=LDR  00756nam a2200193Mi 4500
=008  \\\\\\suuuu\\\\xx\\\\\\\\\\\\000\0\\\\\d
=040  \\$aFDA$beng$cFDA
=035  \\$a(FSUSCA)Horward_Row_2_Section_10_1768
=245  00$a10 Avril 1814, La Bataille de Toulouse /$cJean-Paul Escalettes
=264  \1$a[Place of publication not identified] :$bEditions Loubatieres,$c[date of publication not identified]
=300  \\$avolume
=336  \\$atext$btxt$2rdacontent
=337  \\$aunmediated$bn$2rdamedia
=338  \\$avolume$bnc$2rdacarrier
=500  \\$aTitle on spreadsheet: "10 Avril 1814: La Bataille de Toulouse"
=500  \\$aSigned with many loose documents.
=590  \\$aHorward Collection$9LOCAL
=700  1\$aEscalettes, Jean-Paul
=936  1\$aHorward, Donald D.,$edonor$9LOCAL

