=LDR  00648nam a2200181Mi 4500
=008  \\\\\\s1969\\\\xx\\\\\\\\\\\\000\0\\\\\d
=040  \\$aFDA$beng$cFDA
=035  \\$a(FSUSCA)Horward_Row_2_Section_6_1072
=245  00$a11th Hussars /$cRichard Brett Smith
=264  \1$a[Place of publication not identified] :$bLeo Cooper, Ltd. or Hillary House Publishers,$c1969
=300  \\$avolume
=336  \\$atext$btxt$2rdacontent
=337  \\$aunmediated$bn$2rdamedia
=338  \\$avolume$bnc$2rdacarrier
=500  \\$aTitle on spreadsheet: "The 11th Hussars "
=590  \\$aHorward Collection$9LOCAL
=700  1\$aSmith, Richard Brett
=936  1\$aHorward, Donald D.,$edonor$9LOCAL

