=LDR  00701nam a2200181Mi 4500
=008  \\\\\\s2007\\\\xx\\\\\\\\\\\\000\0\\\\\d
=040  \\$aFDA$beng$cFDA
=035  \\$a(FSUSCA)Horward_Row_2_Section_4_614
=245  00$a13 Vendemiaire Republican Coronation of Napoleon /$cMichel Franceschi
=264  \1$a[Place of publication not identified] :$bInternational Npoleonic Society,$c2007
=300  \\$avolume
=336  \\$atext$btxt$2rdacontent
=337  \\$aunmediated$bn$2rdamedia
=338  \\$avolume$bnc$2rdacarrier
=500  \\$aTitle on spreadsheet: "The 13 Vendemiaire Republican Coronation of Napoleon"
=590  \\$aHorward Collection$9LOCAL
=700  1\$aFranceschi, Michel
=936  1\$aHorward, Donald D.,$edonor$9LOCAL

