=LDR  00865nam a2200181Mi 4500
=008  \\\\\\s1987\\\\xx\\\\\\\\\\\\000\0\\\\\d
=040  \\$aFDA$beng$cFDA
=035  \\$a(FSUSCA)Horward_Row_2_Section_11_1970
=245  00$a1789-1989, Bicentenaire de la Revolution Francaise /$cCommission Nationale de Recherche Historique Pour le Bicentenaire de la Revolution Francaise
=264  \1$a[Place of publication not identified] :$bCentre National de la Recherche Scientifique,$c1987
=300  \\$avolume
=336  \\$atext$btxt$2rdacontent
=337  \\$aunmediated$bn$2rdamedia
=338  \\$avolume$bnc$2rdacarrier
=500  \\$aTitle on spreadsheet: "1789-1989: Bicentenaire de la Revolution Francaise"
=590  \\$aHorward Collection$9LOCAL
=710  2\$aCommission Nationale de Recherche Historique Pour le Bicentenaire de la Revolution Francaise
=936  1\$aHorward, Donald D.,$edonor$9LOCAL

