=LDR  00735nam a2200193Mi 4500
=008  \\\\\\s1926\\\\xx\\\\\\\\\\\\000\0\\\\\d
=040  \\$aFDA$beng$cFDA
=035  \\$a(FSUSCA)Horward_Row_4_Section_7_2455
=245  00$a1809, O Porto sob a Segunda Invasao Francesa /$cArthur de Magalhaes Basto
=264  \1$a[Place of publication not identified] :$bEmpresa Literaria Fluminense,$c1926
=300  \\$avolume
=336  \\$atext$btxt$2rdacontent
=337  \\$aunmediated$bn$2rdamedia
=338  \\$avolume$bnc$2rdacarrier
=500  \\$aTitle on spreadsheet: "1809, O Porto sob a Segunda Invasao Francesa"
=500  \\$aCustom binding.
=590  \\$aHorward Collection$9LOCAL
=700  1\$ade Magalhaes Basto, Arthur
=936  1\$aHorward, Donald D.,$edonor$9LOCAL

