=LDR  00598nam a2200181Mi 4500
=008  \\\\\\s1966\\\\xx\\\\\\\\\\\\000\0\\\\\d
=040  \\$aFDA$beng$cFDA
=035  \\$a(FSUSCA)Horward_Row_2_Section_7_1178
=245  00$a1812 /$cAntony Brett James
=264  \1$a[Place of publication not identified] :$bSt Martin's Press,$c1966
=300  \\$avolume
=336  \\$atext$btxt$2rdacontent
=337  \\$aunmediated$bn$2rdamedia
=338  \\$avolume$bnc$2rdacarrier
=500  \\$aTitle on spreadsheet: "1812"
=590  \\$aHorward Collection$9LOCAL
=700  1\$aJames, Antony Brett
=936  1\$aHorward, Donald D.,$edonor$9LOCAL

