=LDR  00665nam a2200193Mi 4500
=008  \\\\\\s1912\\\\xx\\\\\\\\\\\\000\0\\\\\d
=040  \\$aFDA$beng$cFDA
=035  \\$a(FSUSCA)Horward_Row_4_Section_7_2393
=245  00$a1812, Cent Ans Apres /$cAndre Bouvery
=264  \1$a[Place of publication not identified] :$bAugustin Challamel,$c1912
=300  \\$avolume
=336  \\$atext$btxt$2rdacontent
=337  \\$aunmediated$bn$2rdamedia
=338  \\$avolume$bnc$2rdacarrier
=500  \\$aTitle on spreadsheet: "1812: Cent Ans Apres"
=500  \\$aMay contain custom binding.
=590  \\$aHorward Collection$9LOCAL
=700  1\$aBouvery, Andre
=936  1\$aHorward, Donald D.,$edonor$9LOCAL

