=LDR  00652nam a2200181Mi 4500
=008  \\\\\\s1995\\\\xx\\\\\\\\\\\\000\0\\\\\d
=040  \\$aFDA$beng$cFDA
=035  \\$a(FSUSCA)Horward_Row_2_Section_4_642
=245  00$a1812 Napoleon in Moscow /$cPaul Britten Austin
=264  \1$a[Place of publication not identified] :$bGreenhill Books, Stackpole Books,$c1995
=300  \\$avolume
=336  \\$atext$btxt$2rdacontent
=337  \\$aunmediated$bn$2rdamedia
=338  \\$avolume$bnc$2rdacarrier
=500  \\$aTitle on spreadsheet: "1812 Napoleon in Moscow"
=590  \\$aHorward Collection$9LOCAL
=700  1\$aAustin, Paul Britten
=936  1\$aHorward, Donald D.,$edonor$9LOCAL

