=LDR  00678nam a2200181Mi 4500
=008  \\\\\\s2001\\\\xx\\\\\\\\\\\\000\0\\\\\d
=040  \\$aFDA$beng$cFDA
=035  \\$a(FSUSCA)Horward_Row_2_Section_8_1270
=245  00$a1813, Leipzig Napoleon and the Battle of the Nations /$cDigby Smith
=264  \1$a[Place of publication not identified] :$bGreenhill Books,$c2001
=300  \\$avolume
=336  \\$atext$btxt$2rdacontent
=337  \\$aunmediated$bn$2rdamedia
=338  \\$avolume$bnc$2rdacarrier
=500  \\$aTitle on spreadsheet: "1813: Leipzig Napoleon and the Battle of the Nations"
=590  \\$aHorward Collection$9LOCAL
=700  1\$aSmith, Digby
=936  1\$aHorward, Donald D.,$edonor$9LOCAL

