=LDR  00684nam a2200181Mi 4500
=008  \\\\\\s1999\\\\xx\\\\\\\\\\\\000\0\\\\\d
=040  \\$aFDA$beng$cFDA
=035  \\$a(FSUSCA)Horward_Row_4_Section_6_2197
=245  00$a1815, The Waterloo Campaign and The German Victory /$cPeter Hofschroer
=264  \1$a[Place of publication not identified] :$bGreenhill Books,$c1999
=300  \\$avolume
=336  \\$atext$btxt$2rdacontent
=337  \\$aunmediated$bn$2rdamedia
=338  \\$avolume$bnc$2rdacarrier
=500  \\$aTitle on spreadsheet: "1815: The Waterloo Campaign and The German Victory"
=590  \\$aHorward Collection$9LOCAL
=700  1\$aHofschroer, Peter
=936  1\$aHorward, Donald D.,$edonor$9LOCAL

