=LDR  00623nam a2200181Mi 4500
=008  \\\\\\s1905\\\\xx\\\\\\\\\\\\000\0\\\\\d
=040  \\$aFDA$beng$cFDA
=035  \\$a(FSUSCA)Horward_Row_4_Section_7_2525
=245  00$a1815, Waterloo /$cHenry Houssaye
=264  \1$a[Place of publication not identified] :$bFranklin Hudson Publishing Co.,$c1905
=300  \\$avolume
=336  \\$atext$btxt$2rdacontent
=337  \\$aunmediated$bn$2rdamedia
=338  \\$avolume$bnc$2rdacarrier
=500  \\$aTitle on spreadsheet: "1815: Waterloo"
=590  \\$aHorward Collection$9LOCAL
=700  1\$aHoussaye, Henry
=936  1\$aHorward, Donald D.,$edonor$9LOCAL

