=LDR  00738nam a2200205Mi 4500
=008  \\\\\\s1973\\\\xx\\\\\\\\\\\\000\0\\\\\d
=040  \\$aFDA$beng$cFDA
=035  \\$a(FSUSCA)Horward_Row_2_Section_4_616
=245  00$a1815 The Armies at Waterloo /$cUgo Pericoli, Michael Glover, Elizabeth Longford
=264  \1$a[Place of publication not identified] :$bSphere Books Limited,$c1973
=300  \\$avolume
=336  \\$atext$btxt$2rdacontent
=337  \\$aunmediated$bn$2rdamedia
=338  \\$avolume$bnc$2rdacarrier
=500  \\$aTitle on spreadsheet: "1815 The Armies at Waterloo"
=590  \\$aHorward Collection$9LOCAL
=700  1\$aPericoli, Ugo
=700  1\$aGlover, Michael
=700  1\$aLongford, Elizabeth
=936  1\$aHorward, Donald D.,$edonor$9LOCAL

