=LDR  00640nam a2200181Mi 4500
=008  \\\\\\s1971\\\\xx\\\\\\\\\\\\000\0\\\\\d
=040  \\$aFDA$beng$cFDA
=035  \\$a(FSUSCA)Horward_Row_2_Section_11_1828
=245  00$aAbbe Gregoire 1787-1831 /$cRuth F. Necheles
=264  \1$a[Place of publication not identified] :$bGreenwood Publishing,$c1971
=300  \\$avolume
=336  \\$atext$btxt$2rdacontent
=337  \\$aunmediated$bn$2rdamedia
=338  \\$avolume$bnc$2rdacarrier
=500  \\$aTitle on spreadsheet: "The Abbe Gregoire 1787-1831"
=590  \\$aHorward Collection$9LOCAL
=700  1\$aNecheles, Ruth F.
=936  1\$aHorward, Donald D.,$edonor$9LOCAL

