=LDR  00744nam a2200181Mi 4500
=008  \\\\\\s2007\\\\xx\\\\\\\\\\\\000\0\\\\\d
=040  \\$aFDA$beng$cFDA
=035  \\$a(FSUSCA)Horward_Row_4_Section_5_2089
=245  00$aAblest Man in the British Army, The Life and Career of General Sir John Hope /$cPaul P. Reese
=264  \1$a[Place of publication not identified] :$bFlorida State University,$c2007
=300  \\$avolume
=336  \\$atext$btxt$2rdacontent
=337  \\$aunmediated$bn$2rdamedia
=338  \\$avolume$bnc$2rdacarrier
=500  \\$aTitle on spreadsheet: "The Ablest Man in the British Army": The Life and Career of General Sir John Hope"
=590  \\$aHorward Collection$9LOCAL
=700  1\$aReese, Paul P.
=936  1\$aHorward, Donald D.,$edonor$9LOCAL

