=LDR  00710nam a2200193Mi 4500
=008  \\\\\\s1993\\\\xx\\\\\\\\\\\\000\0\\\\\d
=040  \\$aFDA$beng$cFDA
=035  \\$a(FSUSCA)Horward_Row_4_Section_6_2194
=245  00$aAdministrative Bureau during the Old Regime /$cHarold T. Parker
=264  \1$a[Place of publication not identified] :$bUniversity of Delaware Press,$c1993
=300  \\$avolume
=336  \\$atext$btxt$2rdacontent
=337  \\$aunmediated$bn$2rdamedia
=338  \\$avolume$bnc$2rdacarrier
=500  \\$aTitle on spreadsheet: "An Administrative Bureau during the Old Regime"
=500  \\$aSigned.
=590  \\$aHorward Collection$9LOCAL
=700  1\$aParker, Harold T.
=936  1\$aHorward, Donald D.,$edonor$9LOCAL

