=LDR  00729nam a2200193Mi 4500
=008  \\\\\\s2006\\\\xx\\\\\\\\\\\\000\0\\\\\d
=040  \\$aFDA$beng$cFDA
=035  \\$a(FSUSCA)Horward_Row_2_Section_10_1776
=245  00$aAdmiral Lord Keith and the Naval War Against Napoleon /$cKevin D. McCranie
=264  \1$a[Place of publication not identified] :$bUniversity Press of Florida,$c2006
=300  \\$avolume
=336  \\$atext$btxt$2rdacontent
=337  \\$aunmediated$bn$2rdamedia
=338  \\$avolume$bnc$2rdacarrier
=500  \\$aTitle on spreadsheet: "Admiral Lord Keith and the Naval War Against Napoleon"
=500  \\$aSigned.
=590  \\$aHorward Collection$9LOCAL
=700  1\$aMcCranie, Kevin D.
=936  1\$aHorward, Donald D.,$edonor$9LOCAL

