=LDR  00754nam a2200181Mi 4500
=008  \\\\\\suuuu\\\\xx\\\\\\\\\\\\000\0\\\\\d
=040  \\$aFDA$beng$cFDA
=035  \\$a(FSUSCA)Horward_Row_2_Section_8_1428
=245  00$aAdventures in the Rifle Brigade and Random Shots from a Rifleman /$cCaptain Sir John Kincaid
=264  \1$a[Place of publication not identified] :$bMaclaren and Company,$c[date of publication not identified]
=300  \\$avolume
=336  \\$atext$btxt$2rdacontent
=337  \\$aunmediated$bn$2rdamedia
=338  \\$avolume$bnc$2rdacarrier
=500  \\$aTitle on spreadsheet: "Adventures in the Rifle Brigade and Random Shots from a Rifleman "
=590  \\$aHorward Collection$9LOCAL
=700  1\$aKincaid, John
=936  1\$aHorward, Donald D.,$edonor$9LOCAL

