=LDR  00705nam a2200193Mi 4500
=008  \\\\\\s1902\\\\xx\\\\\\\\\\\\000\0\\\\\d
=040  \\$aFDA$beng$cFDA
=035  \\$a(FSUSCA)Horward_Row_2_Section_10_1672
=245  00$aAdventures with the Connaught Rangers 1809-1814 /$cWilliam Grattan, Esq.
=264  \1$a[Place of publication not identified] :$bEdward Arnold,$c1902
=300  \\$avolume
=336  \\$atext$btxt$2rdacontent
=337  \\$aunmediated$bn$2rdamedia
=338  \\$avolume$bnc$2rdacarrier
=500  \\$aTitle on spreadsheet: "Adventures with the Connaught Rangers 1809-1814"
=500  \\$aSigned.
=590  \\$aHorward Collection$9LOCAL
=700  1\$aGrattan, William
=936  1\$aHorward, Donald D.,$edonor$9LOCAL

