=LDR  00637nam a2200181Mi 4500
=008  \\\\\\s1933\\\\xx\\\\\\\\\\\\000\0\\\\\d
=040  \\$aFDA$beng$cFDA
=035  \\$a(FSUSCA)Horward_Row_4_Section_7_2398
=245  00$aAge of Metternich (1814-1848) /$cArthur May
=264  \1$a[Place of publication not identified] :$bHenry Holt and Co.,$c1933
=300  \\$avolume
=336  \\$atext$btxt$2rdacontent
=337  \\$aunmediated$bn$2rdamedia
=338  \\$avolume$bnc$2rdacarrier
=500  \\$aTitle on spreadsheet: "The Age of Metternich (1814-1848)"
=590  \\$aHorward Collection$9LOCAL
=700  1\$aMay, Arthur
=936  1\$aHorward, Donald D.,$edonor$9LOCAL

