=LDR  00626nam a2200181Mi 4500
=008  \\\\\\s1991\\\\xx\\\\\\\\\\\\000\0\\\\\d
=040  \\$aFDA$beng$cFDA
=035  \\$a(FSUSCA)Horward_Row_2_Section_8_1341
=245  00$aAge of Napoleon /$cJ. Christopher Herold
=264  \1$a[Place of publication not identified] :$bPhoenix Press,$c1991
=300  \\$avolume
=336  \\$atext$btxt$2rdacontent
=337  \\$aunmediated$bn$2rdamedia
=338  \\$avolume$bnc$2rdacarrier
=500  \\$aTitle on spreadsheet: "The Age of Napoleon"
=590  \\$aHorward Collection$9LOCAL
=700  1\$aHerold, J. Christopher
=936  1\$aHorward, Donald D.,$edonor$9LOCAL

