=LDR  00691nam a2200193Mi 4500
=008  \\\\\\s2012\\\\xx\\\\\\\\\\\\000\0\\\\\d
=040  \\$aFDA$beng$cFDA
=035  \\$a(FSUSCA)Horward_Row_2_Section_9_1593
=245  00$aAlexander I the tsar who defeated napoleon /$cMarie Pierre Rey
=264  \1$a[Place of publication not identified] :$bNIU Press,$c2012
=300  \\$avolume
=336  \\$atext$btxt$2rdacontent
=337  \\$aunmediated$bn$2rdamedia
=338  \\$avolume$bnc$2rdacarrier
=500  \\$aTitle on spreadsheet: "Alexander I the tsar who defeated napoleon"
=500  \\$aAutographed.
=590  \\$aHorward Collection$9LOCAL
=700  1\$aRey, Marie Pierre
=936  1\$aHorward, Donald D.,$edonor$9LOCAL

