=LDR  00648nam a2200181Mi 4500
=008  \\\\\\s1974\\\\xx\\\\\\\\\\\\000\0\\\\\d
=040  \\$aFDA$beng$cFDA
=035  \\$a(FSUSCA)Horward_Row_2_Section_7_1174
=245  00$aAlexander I Tsar of War and Peace /$cAlan Palmer
=264  \1$a[Place of publication not identified] :$bWeidenfelf and Nicolson,$c1974
=300  \\$avolume
=336  \\$atext$btxt$2rdacontent
=337  \\$aunmediated$bn$2rdamedia
=338  \\$avolume$bnc$2rdacarrier
=500  \\$aTitle on spreadsheet: "Alexander I Tsar of War and Peace"
=590  \\$aHorward Collection$9LOCAL
=700  1\$aPalmer, Alan
=936  1\$aHorward, Donald D.,$edonor$9LOCAL

