=LDR  00616nam a2200181Mi 4500
=008  \\\\\\s1949\\\\xx\\\\\\\\\\\\000\0\\\\\d
=040  \\$aFDA$beng$cFDA
=035  \\$a(FSUSCA)Horward_Row_2_Section_9_1606
=245  00$aAlexander of Russia /$cStrakhovsky
=264  \1$a[Place of publication not identified] :$bWilliams and Norgate,$c1949
=300  \\$avolume
=336  \\$atext$btxt$2rdacontent
=337  \\$aunmediated$bn$2rdamedia
=338  \\$avolume$bnc$2rdacarrier
=500  \\$aTitle on spreadsheet: "Alexander of Russia"
=590  \\$aHorward Collection$9LOCAL
=700  1\$aStrakhovsky
=936  1\$aHorward, Donald D.,$edonor$9LOCAL

