=LDR  00667nam a2200181Mi 4500
=008  \\\\\\s1978\\\\xx\\\\\\\\\\\\000\0\\\\\d
=040  \\$aFDA$beng$cFDA
=035  \\$a(FSUSCA)Horward_Row_2_Section_10_1684
=245  00$aAlexander The Blessed, Conqueror of Napoleon /$cThomas Brooks Jones
=264  \1$a[Place of publication not identified] :$bN/A,$c1978
=300  \\$avolume
=336  \\$atext$btxt$2rdacontent
=337  \\$aunmediated$bn$2rdamedia
=338  \\$avolume$bnc$2rdacarrier
=500  \\$aTitle on spreadsheet: "Alexander The Blessed, Conqueror of Napoleon"
=590  \\$aHorward Collection$9LOCAL
=700  1\$aJones, Thomas Brooks
=936  1\$aHorward, Donald D.,$edonor$9LOCAL

