=LDR  00649nam a2200193Mi 4500
=008  \\\\\\s1930\\\\xx\\\\\\\\\\\\000\0\\\\\d
=040  \\$aFDA$beng$cFDA
=035  \\$a(FSUSCA)Horward_Row_2_Section_12_2020
=245  00$aAmazing Career of Bernadotte /$cBarton
=250  \\$a2nd Edition
=264  \1$a[Place of publication not identified] :$bJohn Murray,$c1930
=300  \\$avolume
=336  \\$atext$btxt$2rdacontent
=337  \\$aunmediated$bn$2rdamedia
=338  \\$avolume$bnc$2rdacarrier
=500  \\$aTitle on spreadsheet: "The Amazing Career of Bernadotte "
=590  \\$aHorward Collection$9LOCAL
=700  1\$aBarton
=936  1\$aHorward, Donald D.,$edonor$9LOCAL

