=LDR  00709nam a2200193Mi 4500
=008  \\\\\\s1996\\\\xx\\\\\\\\\\\\000\0\\\\\d
=040  \\$aFDA$beng$cFDA
=035  \\$a(FSUSCA)Horward_Row_4_Section_8_2563
=245  00$aAmerican Civil War The Emergence of Total Warfare /$cDoughty and Gruber
=264  \1$a[Place of publication not identified] :$bD.C. Health and Company,$c1996
=300  \\$avolume
=336  \\$atext$btxt$2rdacontent
=337  \\$aunmediated$bn$2rdamedia
=338  \\$avolume$bnc$2rdacarrier
=500  \\$aTitle on spreadsheet: "The American Civil War The Emergence of Total Warfare"
=590  \\$aHorward Collection$9LOCAL
=700  1\$aDoughty
=700  1\$aGruber
=936  1\$aHorward, Donald D.,$edonor$9LOCAL

