=LDR  00797nam a2200193Mi 4500
=008  \\\\\\s1962\\\\xx\\\\\\\\\\\\000\0\\\\\d
=040  \\$aFDA$beng$cFDA
=035  \\$a(FSUSCA)Horward_Row_2_Section_8_1415
=245  00$aAnatomy of Glory, Napoloen and his Guard A Study in Leadership /$cAdapted from the French of Henry Lachouque by Anne S.K. Brown
=264  \1$a[Place of publication not identified] :$bBrown University Press,$c1962
=300  \\$avolume
=336  \\$atext$btxt$2rdacontent
=337  \\$aunmediated$bn$2rdamedia
=338  \\$avolume$bnc$2rdacarrier
=500  \\$aTitle on spreadsheet: "The Anatomy of Glory: Napoloen and his Guard A Study in Leadership "
=590  \\$aHorward Collection$9LOCAL
=700  1\$aLachouque, Henry
=700  1\$aBrown, Anne S.K.
=936  1\$aHorward, Donald D.,$edonor$9LOCAL

