=LDR  00675nam a2200193Mi 4500
=008  \\\\\\s1881\\\\xx\\\\\\\\\\\\000\0\\\\\d
=040  \\$aFDA$beng$cFDA
=035  \\$a(FSUSCA)Horward_Row_4_Section_7_2366
=245  00$aAncient Regime /$cH.A. Taine and John Durand
=264  \1$a[Place of publication not identified] :$bSampson Low, Marston, Searle and Rivington,$c1881
=300  \\$avolume
=336  \\$atext$btxt$2rdacontent
=337  \\$aunmediated$bn$2rdamedia
=338  \\$avolume$bnc$2rdacarrier
=500  \\$aTitle on spreadsheet: "The Ancient Regime"
=590  \\$aHorward Collection$9LOCAL
=700  1\$aTaine, H.A.
=700  1\$aDuran, John
=936  1\$aHorward, Donald D.,$edonor$9LOCAL

