=LDR  00658nam a2200193Mi 4500
=008  \\\\\\s1969\\\\xx\\\\\\\\\\\\000\0\\\\\d
=040  \\$aFDA$beng$cFDA
=035  \\$a(FSUSCA)Horward_Row_4_Section_8_2636
=245  00$aAnglais, rendez-nous Napoleon /$cBretonne
=264  \1$a[Place of publication not identified] :$bJerome Martineau,$c1969
=300  \\$avolume
=336  \\$atext$btxt$2rdacontent
=337  \\$aunmediated$bn$2rdamedia
=338  \\$avolume$bnc$2rdacarrier
=500  \\$aTitle on spreadsheet: "Anglais, rendez-nous Napoleon"
=500  \\$aCustom binding.
=590  \\$aHorward Collection$9LOCAL
=700  1\$aBretonne
=936  1\$aHorward, Donald D.,$edonor$9LOCAL

