=LDR  00727nam a2200193Mi 4500
=008  \\\\\\suuuu\\\\xx\\\\\\\\\\\\000\0\\\\\d
=040  \\$aFDA$beng$cFDA
=035  \\$a(FSUSCA)Horward_Row_4_Section_5_2108
=245  00$aAntoine Henri Jomini de Payerne /$cAntoine Henri Jomini
=264  \1$a[Place of publication not identified] :$b[publisher not identified],$c[date of publication not identified]
=300  \\$avolume
=336  \\$atext$btxt$2rdacontent
=337  \\$aunmediated$bn$2rdamedia
=338  \\$avolume$bnc$2rdacarrier
=500  \\$aTitle on spreadsheet: "Antoine Henri Jomini de Payerne"
=500  \\$aPicture book?
=590  \\$aHorward Collection$9LOCAL
=700  1\$aJomini, Antoine Henri
=936  1\$aHorward, Donald D.,$edonor$9LOCAL

