=LDR  00669nam a2200181Mi 4500
=008  \\\\\\s1966\\\\xx\\\\\\\\\\\\000\0\\\\\d
=040  \\$aFDA$beng$cFDA
=035  \\$a(FSUSCA)Horward_Row_2_Section_8_1269
=245  00$aApproaches to Library History /$cEdited by John David Marshall
=264  \1$a[Place of publication not identified] :$bJournal of Library History,$c1966
=300  \\$avolume
=336  \\$atext$btxt$2rdacontent
=337  \\$aunmediated$bn$2rdamedia
=338  \\$avolume$bnc$2rdacarrier
=500  \\$aTitle on spreadsheet: "Approaches to Library History"
=590  \\$aHorward Collection$9LOCAL
=700  1\$aMarshall, John David
=936  1\$aHorward, Donald D.,$edonor$9LOCAL

