=LDR  00783nam a2200205Mi 4500
=008  \\\\\\s1952\\\\xx\\\\\\\\\\\\000\0\\\\\d
=040  \\$aFDA$beng$cFDA
=035  \\$a(FSUSCA)Horward_Row_2_Section_9_1558
=245  00$aApsley House A Guide to the Wellington Museum /$cC. H. Gibbs Smith and H. V. T. Percival
=264  \1$a[Place of publication not identified] :$bHer Majestry's Stationary Office,$c1952
=300  \\$avolume
=336  \\$atext$btxt$2rdacontent
=337  \\$aunmediated$bn$2rdamedia
=338  \\$avolume$bnc$2rdacarrier
=500  \\$aTitle on spreadsheet: "Apsley House A Guide to the Wellington Museum"
=500  \\$aMuseum pamphlet.
=590  \\$aHorward Collection$9LOCAL
=700  1\$aGibbs Smith, C. H.
=700  1\$aPercival, H. V. T.
=936  1\$aHorward, Donald D.,$edonor$9LOCAL

