=LDR  00731nam a2200193Mi 4500
=008  \\\\\\s2007\\\\xx\\\\\\\\\\\\000\0\\\\\d
=040  \\$aFDA$beng$cFDA
=035  \\$a(FSUSCA)Horward_Row_4_Section_7_2483
=245  00$aArchitects of Empire, The Duke of Wellington and His Brother /$cJohn Severn
=264  \1$a[Place of publication not identified] :$bUniversity of Oklahoma Press,$c2007
=300  \\$avolume
=336  \\$atext$btxt$2rdacontent
=337  \\$aunmediated$bn$2rdamedia
=338  \\$avolume$bnc$2rdacarrier
=500  \\$aTitle on spreadsheet: "Architects of Empire: The Duke of Wellington and His Brother"
=500  \\$aSigned.
=590  \\$aHorward Collection$9LOCAL
=700  1\$aSevern, John
=936  1\$aHorward, Donald D.,$edonor$9LOCAL

