=LDR  00642nam a2200181Mi 4500
=008  \\\\\\s1979\\\\xx\\\\\\\\\\\\000\0\\\\\d
=040  \\$aFDA$beng$cFDA
=035  \\$a(FSUSCA)Horward_Row_2_Section_10_1699
=245  00$aArmies of the Napoleonic Era /$cOtto von Pivka
=264  \1$a[Place of publication not identified] :$bTaplinger Publishing,$c1979
=300  \\$avolume
=336  \\$atext$btxt$2rdacontent
=337  \\$aunmediated$bn$2rdamedia
=338  \\$avolume$bnc$2rdacarrier
=500  \\$aTitle on spreadsheet: "Armies of the Napoleonic Era"
=590  \\$aHorward Collection$9LOCAL
=700  1\$avon Pivka, Otto
=936  1\$aHorward, Donald D.,$edonor$9LOCAL

