=LDR  00650nam a2200181Mi 4500
=008  \\\\\\s1996\\\\xx\\\\\\\\\\\\000\0\\\\\d
=040  \\$aFDA$beng$cFDA
=035  \\$a(FSUSCA)Horward_Row_4_Section_7_2473
=245  00$aArmies of Wellington /$cPhilip J. Haythornwaite
=264  \1$a[Place of publication not identified] :$bArms and Armour Press,$c1996
=300  \\$avolume
=336  \\$atext$btxt$2rdacontent
=337  \\$aunmediated$bn$2rdamedia
=338  \\$avolume$bnc$2rdacarrier
=500  \\$aTitle on spreadsheet: "The Armies of Wellington"
=590  \\$aHorward Collection$9LOCAL
=700  1\$aHaythornthwaite, Philip J.
=936  1\$aHorward, Donald D.,$edonor$9LOCAL

