=LDR  00683nam a2200193Mi 4500
=008  \\\\\\s1989\\\\xx\\\\\\\\\\\\000\0\\\\\d
=040  \\$aFDA$beng$cFDA
=035  \\$a(FSUSCA)Horward_Row_4_Section_6_2202
=245  00$aArmies on the Danube, 1809 /$cScott Bowden and Charles Tarbox
=264  \1$a[Place of publication not identified] :$bThe Emperor's Press,$c1989
=300  \\$avolume
=336  \\$atext$btxt$2rdacontent
=337  \\$aunmediated$bn$2rdamedia
=338  \\$avolume$bnc$2rdacarrier
=500  \\$aTitle on spreadsheet: "Armies on the Danube, 1809"
=590  \\$aHorward Collection$9LOCAL
=700  1\$aBowden, Scott
=700  1\$aTarbox, Charles
=936  1\$aHorward, Donald D.,$edonor$9LOCAL

