=LDR  00614nam a2200181Mi 4500
=008  \\\\\\s1966\\\\xx\\\\\\\\\\\\000\0\\\\\d
=040  \\$aFDA$beng$cFDA
=035  \\$a(FSUSCA)Horward_Row_2_Section_1_57
=245  00$aArms and the Woman /$cUxkull, Boris
=264  \1$a[Place of publication not identified] :$bSecker and Warburg,$c1966
=300  \\$avolume
=336  \\$atext$btxt$2rdacontent
=337  \\$aunmediated$bn$2rdamedia
=338  \\$avolume$bnc$2rdacarrier
=500  \\$aTitle on spreadsheet: "Arms and the Woman"
=590  \\$aHorward Collection$9LOCAL
=700  1\$aUxkull, Boris
=936  1\$aHorward, Donald D.,$edonor$9LOCAL

