=LDR  00666nam a2200181Mi 4500
=008  \\\\\\s1979\\\\xx\\\\\\\\\\\\000\0\\\\\d
=040  \\$aFDA$beng$cFDA
=035  \\$a(FSUSCA)Horward_Row_4_Section_7_2442
=245  00$aArtillery Equipments of the Napoleonic Wars /$cTerrence Wise
=264  \1$a[Place of publication not identified] :$bOsprey Publishing,$c1979
=300  \\$avolume
=336  \\$atext$btxt$2rdacontent
=337  \\$aunmediated$bn$2rdamedia
=338  \\$avolume$bnc$2rdacarrier
=500  \\$aTitle on spreadsheet: "Artillery Equipments of the Napoleonic Wars"
=590  \\$aHorward Collection$9LOCAL
=700  1\$aWise, Terrence
=936  1\$aHorward, Donald D.,$edonor$9LOCAL

