=LDR  00664nam a2200181Mi 4500
=008  \\\\\\s2004\\\\xx\\\\\\\\\\\\000\0\\\\\d
=040  \\$aFDA$beng$cFDA
=035  \\$a(FSUSCA)Horward_Row_2_Section_8_1305
=245  00$aArtillery of the Napoleonic Wars 1792-1815 /$cKevin F. Kiley
=264  \1$a[Place of publication not identified] :$bGreenhill Books,$c2004
=300  \\$avolume
=336  \\$atext$btxt$2rdacontent
=337  \\$aunmediated$bn$2rdamedia
=338  \\$avolume$bnc$2rdacarrier
=500  \\$aTitle on spreadsheet: "Artillery of the Napoleonic Wars 1792-1815"
=590  \\$aHorward Collection$9LOCAL
=700  1\$aKiley, Kevin F.
=936  1\$aHorward, Donald D.,$edonor$9LOCAL

