=LDR  00761nam a2200193Mi 4500
=008  \\\\\\s1993\\\\xx\\\\\\\\\\\\000\0\\\\\d
=040  \\$aFDA$beng$cFDA
=035  \\$a(FSUSCA)Horward_Row_4_Section_6_2162
=245  00$aAs Befits a Legend, Building a Tomb for Napoleon, 1840-1861 /$cMIchael Paul Driskel
=264  \1$a[Place of publication not identified] :$bKent State University Press,$c1993
=300  \\$avolume
=336  \\$atext$btxt$2rdacontent
=337  \\$aunmediated$bn$2rdamedia
=338  \\$avolume$bnc$2rdacarrier
=500  \\$aTitle on spreadsheet: "As Befits a Legend: Building a Tomb for Napoleon, 1840-1861"
=500  \\$aLetter from publisher.
=590  \\$aHorward Collection$9LOCAL
=700  1\$aDriskel, Michael Paul
=936  1\$aHorward, Donald D.,$edonor$9LOCAL

