=LDR  00702nam a2200181Mi 4500
=008  \\\\\\s2008\\\\xx\\\\\\\\\\\\000\0\\\\\d
=040  \\$aFDA$beng$cFDA
=035  \\$a(FSUSCA)Horward_Row_2_Section_8_1445
=245  00$aAs Linas de torres Vedras, construcao e impacto locais /$cAndre Filipe Vitor Melicias
=264  \1$a[Place of publication not identified] :$bA3,$c2008
=300  \\$avolume
=336  \\$atext$btxt$2rdacontent
=337  \\$aunmediated$bn$2rdamedia
=338  \\$avolume$bnc$2rdacarrier
=500  \\$aTitle on spreadsheet: "As Linas de torres Vedras: construcao e impacto locais "
=590  \\$aHorward Collection$9LOCAL
=700  1\$aVitor Melicias, Andre Filipe
=936  1\$aHorward, Donald D.,$edonor$9LOCAL

