=LDR  00711nam a2200181Mi 4500
=008  \\\\\\s2010\\\\xx\\\\\\\\\\\\000\0\\\\\d
=040  \\$aFDA$beng$cFDA
=035  \\$a(FSUSCA)Horward_Row_2_Section_4_632
=245  00$aAs Linhas de Torres Vedras /$cCarlos Guardado da Silva
=264  \1$a[Place of publication not identified] :$bCamara Municipal de Torres Vedras, Universidade de Lisboa, Edicoes Colibri,$c2010
=300  \\$avolume
=336  \\$atext$btxt$2rdacontent
=337  \\$aunmediated$bn$2rdamedia
=338  \\$avolume$bnc$2rdacarrier
=500  \\$aTitle on spreadsheet: "As Linhas de Torres Vedras "
=590  \\$aHorward Collection$9LOCAL
=700  1\$aGuardado da Silva, Carlos
=936  1\$aHorward, Donald D.,$edonor$9LOCAL

