=LDR  00701nam a2200181Mi 4500
=008  \\\\\\s2010\\\\xx\\\\\\\\\\\\000\0\\\\\d
=040  \\$aFDA$beng$cFDA
=035  \\$a(FSUSCA)Horward_Row_4_Section_6_2272
=245  00$aAs Linhas de Torres Vedras, Invasao e Resistencia 1810-1811 /$cCristina Climaco
=264  \1$a[Place of publication not identified] :$bColibri/Lisboa,$c2010
=300  \\$avolume
=336  \\$atext$btxt$2rdacontent
=337  \\$aunmediated$bn$2rdamedia
=338  \\$avolume$bnc$2rdacarrier
=500  \\$aTitle on spreadsheet: "As Linhas de Torres Vedras: Invasao e Resistencia 1810-1811"
=590  \\$aHorward Collection$9LOCAL
=700  1\$aClimaco, Cristina
=936  1\$aHorward, Donald D.,$edonor$9LOCAL

