=LDR  00709nam a2200193Mi 4500
=008  \\\\\\s1995\\\\xx\\\\\\\\\\\\000\0\\\\\d
=040  \\$aFDA$beng$cFDA
=035  \\$a(FSUSCA)Horward_Row_2_Section_8_1317
=245  00$aAssassination at St. Helena Revisited /$cBen Weider and Sten Forshufvud
=264  \1$a[Place of publication not identified] :$bJohn Wiley and Sons, Inc,$c1995
=300  \\$avolume
=336  \\$atext$btxt$2rdacontent
=337  \\$aunmediated$bn$2rdamedia
=338  \\$avolume$bnc$2rdacarrier
=500  \\$aTitle on spreadsheet: "Assassination at St. Helena Revisited "
=590  \\$aHorward Collection$9LOCAL
=700  1\$aWeider, Ben
=700  1\$aForshufvud, Sten
=936  1\$aHorward, Donald D.,$edonor$9LOCAL

