=LDR  00652nam a2200181Mi 4500
=008  \\\\\\s1986\\\\xx\\\\\\\\\\\\000\0\\\\\d
=040  \\$aFDA$beng$cFDA
=035  \\$a(FSUSCA)Horward_Row_2_Section_9_1497
=245  00$aAtlas for the Wars of Napoleon /$cThomas E. Griess
=264  \1$a[Place of publication not identified] :$bAvery Publishing Group,$c1986
=300  \\$avolume
=336  \\$atext$btxt$2rdacontent
=337  \\$aunmediated$bn$2rdamedia
=338  \\$avolume$bnc$2rdacarrier
=500  \\$aTitle on spreadsheet: "Atlas for the Wars of Napoleon "
=590  \\$aHorward Collection$9LOCAL
=700  1\$aGriess, Thomas E.
=936  1\$aHorward, Donald D.,$edonor$9LOCAL

