=LDR  00716nam a2200181Mi 4500
=008  \\\\\\s1958\\\\xx\\\\\\\\\\\\000\0\\\\\d
=040  \\$aFDA$beng$cFDA
=035  \\$a(FSUSCA)Horward_Row_4_Section_5_2097
=245  00$aAtlas to Accompany Napoleon as a General /$cCount Yorck Von Wartenburg
=264  \1$a[Place of publication not identified] :$bU.S. Department of Military Art and Engineering,$c1958
=300  \\$avolume
=336  \\$atext$btxt$2rdacontent
=337  \\$aunmediated$bn$2rdamedia
=338  \\$avolume$bnc$2rdacarrier
=500  \\$aTitle on spreadsheet: "Atlas to Accompany Napoleon as a General "
=590  \\$aHorward Collection$9LOCAL
=700  1\$aCount Yorck Von Wartenburg
=936  1\$aHorward, Donald D.,$edonor$9LOCAL

