=LDR  00626nam a2200181Mi 4500
=008  \\\\\\s1975\\\\xx\\\\\\\\\\\\000\0\\\\\d
=040  \\$aFDA$beng$cFDA
=035  \\$a(FSUSCA)Horward_Row_2_Section_9_1537
=245  00$aAttack the Colour /$cA.E. Clark Kennedy
=264  \1$a[Place of publication not identified] :$bResearch Publishing,$c1975
=300  \\$avolume
=336  \\$atext$btxt$2rdacontent
=337  \\$aunmediated$bn$2rdamedia
=338  \\$avolume$bnc$2rdacarrier
=500  \\$aTitle on spreadsheet: "Attack the Colour"
=590  \\$aHorward Collection$9LOCAL
=700  1\$aKennedy, A.E. Clark
=936  1\$aHorward, Donald D.,$edonor$9LOCAL

