=LDR  00650nam a2200193Mi 4500
=008  \\\\\\s1979\\\\xx\\\\\\\\\\\\000\0\\\\\d
=040  \\$aFDA$beng$cFDA
=035  \\$a(FSUSCA)Horward_Row_2_Section_9_1540
=245  00$aAuguste de Colbert /$cJeanne A. Ojala
=264  \1$a[Place of publication not identified] :$bUniversity of Utah,$c1979
=300  \\$avolume
=336  \\$atext$btxt$2rdacontent
=337  \\$aunmediated$bn$2rdamedia
=338  \\$avolume$bnc$2rdacarrier
=500  \\$aTitle on spreadsheet: "Auguste de Colbert"
=500  \\$aAutographed.
=590  \\$aHorward Collection$9LOCAL
=700  1\$aOjala, Jeanne A.
=936  1\$aHorward, Donald D.,$edonor$9LOCAL

