=LDR  00601nam a2200181Mi 4500
=008  \\\\\\s1960\\\\xx\\\\\\\\\\\\000\0\\\\\d
=040  \\$aFDA$beng$cFDA
=035  \\$a(FSUSCA)Horward_Row_2_Section_2_352
=245  00$aAusterlitz /$cClaude Manceron
=264  \1$a[Place of publication not identified] :$bRobert Laffont,$c1960
=300  \\$avolume
=336  \\$atext$btxt$2rdacontent
=337  \\$aunmediated$bn$2rdamedia
=338  \\$avolume$bnc$2rdacarrier
=500  \\$aTitle on spreadsheet: "Austerlitz "
=590  \\$aHorward Collection$9LOCAL
=700  1\$aManceron, Claude
=936  1\$aHorward, Donald D.,$edonor$9LOCAL

