=LDR  00612nam a2200181Mi 4500
=008  \\\\\\s1966\\\\xx\\\\\\\\\\\\000\0\\\\\d
=040  \\$aFDA$beng$cFDA
=035  \\$a(FSUSCA)Horward_Row_2_Section_10_1686
=245  00$aAusterlitz /$cClaude Manceron
=264  \1$a[Place of publication not identified] :$bW. W. Norton and Company,$c1966
=300  \\$avolume
=336  \\$atext$btxt$2rdacontent
=337  \\$aunmediated$bn$2rdamedia
=338  \\$avolume$bnc$2rdacarrier
=500  \\$aTitle on spreadsheet: "Austerlitz"
=590  \\$aHorward Collection$9LOCAL
=700  1\$aManceron, Claude
=936  1\$aHorward, Donald D.,$edonor$9LOCAL

