=LDR  00597nam a2200181Mi 4500
=008  \\\\\\s1990\\\\xx\\\\\\\\\\\\000\0\\\\\d
=040  \\$aFDA$beng$cFDA
=035  \\$a(FSUSCA)Horward_Row_2_Section_9_1617
=245  00$aAusterlitz 1805 /$cChandler
=264  \1$a[Place of publication not identified] :$bOsprey Military,$c1990
=300  \\$avolume
=336  \\$atext$btxt$2rdacontent
=337  \\$aunmediated$bn$2rdamedia
=338  \\$avolume$bnc$2rdacarrier
=500  \\$aTitle on spreadsheet: "Austerlitz 1805"
=590  \\$aHorward Collection$9LOCAL
=700  1\$aChandler
=936  1\$aHorward, Donald D.,$edonor$9LOCAL

