=LDR  00776nam a2200193Mi 4500
=008  \\\\\\s1929\\\\xx\\\\\\\\\\\\000\0\\\\\d
=040  \\$aFDA$beng$cFDA
=035  \\$a(FSUSCA)Horward_Row_4_Section_7_2387
=245  00$aAustria, Together with Budapest, Prague, Karlsbad, and Marienbad /$cKarl Baedeker
=250  \\$aTwelfth
=264  \1$a[Place of publication not identified] :$bKarl Baedeker, George Allen and Unwin, Charles Scriber's Sons,$c1929
=300  \\$avolume
=336  \\$atext$btxt$2rdacontent
=337  \\$aunmediated$bn$2rdamedia
=338  \\$avolume$bnc$2rdacarrier
=500  \\$aTitle on spreadsheet: "Austria: Together with Budapest, Prague, Karlsbad, and Marienbad"
=590  \\$aHorward Collection$9LOCAL
=700  1\$aBaedeker, Karl
=936  1\$aHorward, Donald D.,$edonor$9LOCAL

