=LDR  00713nam a2200181Mi 4500
=008  \\\\\\s1902\\\\xx\\\\\\\\\\\\000\0\\\\\d
=040  \\$aFDA$beng$cFDA
=035  \\$a(FSUSCA)Horward_Row_2_Section_8_1350
=245  00$aAutobiography of Lieutenant-General Sir Harry Smith, G.C.B. /$cEdited by G.C. Moore Smith
=264  \1$a[Place of publication not identified] :$bJohn Murray,$c1902
=300  \\$avolume
=336  \\$atext$btxt$2rdacontent
=337  \\$aunmediated$bn$2rdamedia
=338  \\$avolume$bnc$2rdacarrier
=500  \\$aTitle on spreadsheet: "The Autobiography of Lieutenant-General Sir Harry Smith, G.C.B. "
=590  \\$aHorward Collection$9LOCAL
=700  1\$aSmith, G.C. Moore
=936  1\$aHorward, Donald D.,$edonor$9LOCAL

