=LDR  00673nam a2200193Mi 4500
=008  \\\\\\s1946\\\\xx\\\\\\\\\\\\000\0\\\\\d
=040  \\$aFDA$beng$cFDA
=035  \\$a(FSUSCA)Horward_Row_2_Section_3_445
=245  00$aAvec Bonaparte en Italie /$cJoseph Sulkowski
=264  \1$a[Place of publication not identified] :$bLibrairie Hachette et Cie,$c1946
=300  \\$avolume
=336  \\$atext$btxt$2rdacontent
=337  \\$aunmediated$bn$2rdamedia
=338  \\$avolume$bnc$2rdacarrier
=500  \\$aTitle on spreadsheet: "Avec Bonaparte en Italie"
=500  \\$aCustom binding.
=590  \\$aHorward Collection$9LOCAL
=700  1\$aSulkowski, Joseph
=936  1\$aHorward, Donald D.,$edonor$9LOCAL

