=LDR  00690nam a2200193Mi 4500
=008  \\\\\\s1937\\\\xx\\\\\\\\\\\\000\0\\\\\d
=040  \\$aFDA$beng$cFDA
=035  \\$a(FSUSCA)Horward_Row_2_Section_6_1003
=245  00$aBabeuf, 1760-1797 et la Conjuration des Egaux /$cGerard Walter
=264  \1$a[Place of publication not identified] :$bPayot,$c1937
=300  \\$avolume
=336  \\$atext$btxt$2rdacontent
=337  \\$aunmediated$bn$2rdamedia
=338  \\$avolume$bnc$2rdacarrier
=500  \\$aTitle on spreadsheet: "Babeuf: 1760-1797 et la Conjuration des Egaux"
=500  \\$aCustom binding.
=590  \\$aHorward Collection$9LOCAL
=700  1\$aWalter, Gerard
=936  1\$aHorward, Donald D.,$edonor$9LOCAL

