=LDR  00607nam a2200181Mi 4500
=008  \\\\\\s1942\\\\xx\\\\\\\\\\\\000\0\\\\\d
=040  \\$aFDA$beng$cFDA
=035  \\$a(FSUSCA)Horward_Row_4_Section_7_2531
=245  00$aBach on Records /$cGeorge Marek
=264  \1$a[Place of publication not identified] :$bThe Four Corners,$c1942
=300  \\$avolume
=336  \\$atext$btxt$2rdacontent
=337  \\$aunmediated$bn$2rdamedia
=338  \\$avolume$bnc$2rdacarrier
=500  \\$aTitle on spreadsheet: "Bach on Records"
=590  \\$aHorward Collection$9LOCAL
=700  1\$aMarek, George
=936  1\$aHorward, Donald D.,$edonor$9LOCAL

