=LDR  00801nam a2200193Mi 4500
=008  \\\\\\s1949\\\\xx\\\\\\\\\\\\000\0\\\\\d
=040  \\$aFDA$beng$cFDA
=035  \\$a(FSUSCA)Horward_Row_2_Section_3_415
=245  00$aBarcelona Durante La Occupacion Francesa (1808-1814) /$cJuan Mercader Riba
=264  \1$a[Place of publication not identified] :$bConsejo Superior de investigaciones Cientificas Instituto Jeronimo Zurita Seccion de Barceola,$c1949
=300  \\$avolume
=336  \\$atext$btxt$2rdacontent
=337  \\$aunmediated$bn$2rdamedia
=338  \\$avolume$bnc$2rdacarrier
=500  \\$aTitle on spreadsheet: "Barcelona Durante La Occupacion Francesa (1808-1814)"
=500  \\$aCustom binding.
=590  \\$aHorward Collection$9LOCAL
=700  1\$aRiba, Juan Mercader
=936  1\$aHorward, Donald D.,$edonor$9LOCAL

