=LDR  00692nam a2200193Mi 4500
=008  \\\\\\s1936\\\\xx\\\\\\\\\\\\000\0\\\\\d
=040  \\$aFDA$beng$cFDA
=035  \\$a(FSUSCA)Horward_Row_2_Section_10_1716
=245  00$aBaron Stein, Enemy of Napoleon /$cConstantin de Grunwald
=264  \1$a[Place of publication not identified] :$bJonathan Cape,$c1936
=300  \\$avolume
=336  \\$atext$btxt$2rdacontent
=337  \\$aunmediated$bn$2rdamedia
=338  \\$avolume$bnc$2rdacarrier
=500  \\$aTitle on spreadsheet: "Baron Stein, Enemy of Napoleon"
=500  \\$aLoose cover in book.
=590  \\$aHorward Collection$9LOCAL
=700  1\$ade Grunwald, Constantin
=936  1\$aHorward, Donald D.,$edonor$9LOCAL

