=LDR  00619nam a2200181Mi 4500
=008  \\\\\\s1930\\\\xx\\\\\\\\\\\\000\0\\\\\d
=040  \\$aFDA$beng$cFDA
=035  \\$a(FSUSCA)Horward_Row_2_Section_11_1824
=245  00$aBarras et Son Temps /$cHenri D'Almeras
=264  \1$a[Place of publication not identified] :$bAlbin Michel,$c1930
=300  \\$avolume
=336  \\$atext$btxt$2rdacontent
=337  \\$aunmediated$bn$2rdamedia
=338  \\$avolume$bnc$2rdacarrier
=500  \\$aTitle on spreadsheet: "Barras et Son Temps "
=590  \\$aHorward Collection$9LOCAL
=700  1\$aD'Almeras, Henri
=936  1\$aHorward, Donald D.,$edonor$9LOCAL

