=LDR  00723nam a2200193Mi 4500
=008  \\\\\\s1972\\\\xx\\\\\\\\\\\\000\0\\\\\d
=040  \\$aFDA$beng$cFDA
=035  \\$a(FSUSCA)Horward_Row_2_Section_9_1559
=245  00$aBatalha do Bucaco Memoria /$cMuseum and Monuments of Bucaco Military
=264  \1$a[Place of publication not identified] :$b[publisher not identified],$c1972
=300  \\$avolume
=336  \\$atext$btxt$2rdacontent
=337  \\$aunmediated$bn$2rdamedia
=338  \\$avolume$bnc$2rdacarrier
=500  \\$aTitle on spreadsheet: "Batalha do Bucaco Memoria"
=500  \\$aMuseum pamphlet.
=590  \\$aHorward Collection$9LOCAL
=710  2\$aMuseum and Monuments of Bucaco Military
=936  1\$aHorward, Donald D.,$edonor$9LOCAL

