=LDR  00624nam a2200181Mi 4500
=008  \\\\\\s1934\\\\xx\\\\\\\\\\\\000\0\\\\\d
=040  \\$aFDA$beng$cFDA
=035  \\$a(FSUSCA)Horward_Row_4_Section_7_2515
=245  00$aBaton in the Knapsack /$cLaurence Currie
=264  \1$a[Place of publication not identified] :$bJohn Murray,$c1934
=300  \\$avolume
=336  \\$atext$btxt$2rdacontent
=337  \\$aunmediated$bn$2rdamedia
=338  \\$avolume$bnc$2rdacarrier
=500  \\$aTitle on spreadsheet: "The Baton in the Knapsack"
=590  \\$aHorward Collection$9LOCAL
=700  1\$aCurrie, Laurence
=936  1\$aHorward, Donald D.,$edonor$9LOCAL

