=LDR  00688nam a2200181Mi 4500
=008  \\\\\\s1968\\\\xx\\\\\\\\\\\\000\0\\\\\d
=040  \\$aFDA$beng$cFDA
=035  \\$a(FSUSCA)Horward_Row_2_Section_8_1274
=245  00$aBattle of Austerlitz Napoleon's Greatest Victory /$cTrevor N. Dupuy
=264  \1$a[Place of publication not identified] :$bThe Macmillan Company,$c1968
=300  \\$avolume
=336  \\$atext$btxt$2rdacontent
=337  \\$aunmediated$bn$2rdamedia
=338  \\$avolume$bnc$2rdacarrier
=500  \\$aTitle on spreadsheet: "The Battle of Austerlitz Napoleon's Greatest Victory"
=590  \\$aHorward Collection$9LOCAL
=700  1\$aDupuy, Trevor N.
=936  1\$aHorward, Donald D.,$edonor$9LOCAL

