=LDR  00700nam a2200181Mi 4500
=008  \\\\\\s2010\\\\xx\\\\\\\\\\\\000\0\\\\\d
=040  \\$aFDA$beng$cFDA
=035  \\$a(FSUSCA)Horward_Row_2_Section_10_1774
=245  00$aBattle of the Berezina, Napoleon's Great Escape /$cAlexander Mikaberidze
=264  \1$a[Place of publication not identified] :$bPen and Sword Military,$c2010
=300  \\$avolume
=336  \\$atext$btxt$2rdacontent
=337  \\$aunmediated$bn$2rdamedia
=338  \\$avolume$bnc$2rdacarrier
=500  \\$aTitle on spreadsheet: "The Battle of the Berezina: Napoleon's Great Escape"
=590  \\$aHorward Collection$9LOCAL
=700  1\$aMikaberidze, Alexander
=936  1\$aHorward, Donald D.,$edonor$9LOCAL

