=LDR  00647nam a2200181Mi 4500
=008  \\\\\\s1905\\\\xx\\\\\\\\\\\\000\0\\\\\d
=040  \\$aFDA$beng$cFDA
=035  \\$a(FSUSCA)Horward_Row_2_Section_10_1678
=245  00$aBattle of Wavre and Grouchy's Retreat /$cHyde Kelly
=264  \1$a[Place of publication not identified] :$bJohn Murray,$c1905
=300  \\$avolume
=336  \\$atext$btxt$2rdacontent
=337  \\$aunmediated$bn$2rdamedia
=338  \\$avolume$bnc$2rdacarrier
=500  \\$aTitle on spreadsheet: "The Battle of Wavre and Grouchy's Retreat"
=590  \\$aHorward Collection$9LOCAL
=700  1\$aKelly, Hyde
=936  1\$aHorward, Donald D.,$edonor$9LOCAL

