=LDR  00677nam a2200181Mi 4500
=008  \\\\\\s1935\\\\xx\\\\\\\\\\\\000\0\\\\\d
=040  \\$aFDA$beng$cFDA
=035  \\$a(FSUSCA)Horward_Row_4_Section_7_2435
=245  00$aBeaumarchais, Adventurer in the Century of Women /$cPaul Frischauer
=264  \1$a[Place of publication not identified] :$bKennikat Press,$c1935
=300  \\$avolume
=336  \\$atext$btxt$2rdacontent
=337  \\$aunmediated$bn$2rdamedia
=338  \\$avolume$bnc$2rdacarrier
=500  \\$aTitle on spreadsheet: "Beaumarchais: Adventurer in the Century of Women"
=590  \\$aHorward Collection$9LOCAL
=700  1\$aFrischauer, Paul
=936  1\$aHorward, Donald D.,$edonor$9LOCAL

