=LDR  00764nam a2200205Mi 4500
=008  \\\\\\s1907\\\\xx\\\\\\\\\\\\000\0\\\\\d
=040  \\$aFDA$beng$cFDA
=035  \\$a(FSUSCA)Horward_Row_4_Section_8_2570
=245  00$aBefore and After Waterloo Letters from Edward Stanley /$cEdward Stanley (edited by Adeane and Grenfel)
=264  \1$a[Place of publication not identified] :$bT. Fisher Unwin,$c1907
=300  \\$avolume
=336  \\$atext$btxt$2rdacontent
=337  \\$aunmediated$bn$2rdamedia
=338  \\$avolume$bnc$2rdacarrier
=500  \\$aTitle on spreadsheet: "Before and After Waterloo Letters from Edward Stanley"
=590  \\$aHorward Collection$9LOCAL
=700  1\$aStanley, Edward
=700  1\$aAdeane
=700  1\$aGrenfel
=936  1\$aHorward, Donald D.,$edonor$9LOCAL

