=LDR  00634nam a2200181Mi 4500
=008  \\\\\\s1973\\\\xx\\\\\\\\\\\\000\0\\\\\d
=040  \\$aFDA$beng$cFDA
=035  \\$a(FSUSCA)Horward_Row_2_Section_1_55
=245  00$aBegetters of Revolution /$cJarrett, Derek
=264  \1$a[Place of publication not identified] :$bRawman and Littlefield,$c1973
=300  \\$avolume
=336  \\$atext$btxt$2rdacontent
=337  \\$aunmediated$bn$2rdamedia
=338  \\$avolume$bnc$2rdacarrier
=500  \\$aTitle on spreadsheet: "The Begetters of Revolution"
=590  \\$aHorward Collection$9LOCAL
=700  1\$aJarrett, Derek
=936  1\$aHorward, Donald D.,$edonor$9LOCAL

