=LDR  00673nam a2200193Mi 4500
=008  \\\\\\s1901\\\\xx\\\\\\\\\\\\000\0\\\\\d
=040  \\$aFDA$beng$cFDA
=035  \\$a(FSUSCA)Horward_Row_2_Section_2_185
=245  00$aBelgians at Waterloo /$cDemetrius C. Boulger
=264  \1$a[Place of publication not identified] :$bDemetrius C. Boulger,$c1901
=300  \\$avolume
=336  \\$atext$btxt$2rdacontent
=337  \\$aunmediated$bn$2rdamedia
=338  \\$avolume$bnc$2rdacarrier
=500  \\$aTitle on spreadsheet: "The Belgians at Waterloo "
=500  \\$aCustom binding.
=590  \\$aHorward Collection$9LOCAL
=700  1\$aBoulger, Demetrius C.
=936  1\$aHorward, Donald D.,$edonor$9LOCAL

