=LDR  00676nam a2200205Mi 4500
=008  \\\\\\s1943\\\\xx\\\\\\\\\\\\000\0\\\\\d
=040  \\$aFDA$beng$cFDA
=035  \\$a(FSUSCA)Horward_Row_2_Section_3_430
=245  00$aBernadote Marechal de France /$cT.T Hojer
=250  \\$a6th
=264  \1$a[Place of publication not identified] :$bLibrairie Plon,$c1943
=300  \\$avolume
=336  \\$atext$btxt$2rdacontent
=337  \\$aunmediated$bn$2rdamedia
=338  \\$avolume$bnc$2rdacarrier
=500  \\$aTitle on spreadsheet: "Bernadote Marechal de France"
=500  \\$aCustom binding.
=590  \\$aHorward Collection$9LOCAL
=700  1\$aHojer, T.T
=936  1\$aHorward, Donald D.,$edonor$9LOCAL

