=LDR  00651nam a2200181Mi 4500
=008  \\\\\\s1936\\\\xx\\\\\\\\\\\\000\0\\\\\d
=040  \\$aFDA$beng$cFDA
=035  \\$a(FSUSCA)Horward_Row_2_Section_1_39
=245  00$aBernadotte, a Biography /$cWencker-Wildber, Friedrich
=264  \1$a[Place of publication not identified] :$bJarrolds Publishers,$c1936
=300  \\$avolume
=336  \\$atext$btxt$2rdacontent
=337  \\$aunmediated$bn$2rdamedia
=338  \\$avolume$bnc$2rdacarrier
=500  \\$aTitle on spreadsheet: "Bernadotte, a Biography"
=590  \\$aHorward Collection$9LOCAL
=700  1\$aWencker-Wildber, Friedrich
=936  1\$aHorward, Donald D.,$edonor$9LOCAL

