=LDR  00665nam a2200181Mi 4500
=008  \\\\\\s1935\\\\xx\\\\\\\\\\\\000\0\\\\\d
=040  \\$aFDA$beng$cFDA
=035  \\$a(FSUSCA)Horward_Row_4_Section_7_2461
=245  00$aBernadotte and the Fall of Napoleon /$cFranklin D. Scott
=264  \1$a[Place of publication not identified] :$bHarvard University Press,$c1935
=300  \\$avolume
=336  \\$atext$btxt$2rdacontent
=337  \\$aunmediated$bn$2rdamedia
=338  \\$avolume$bnc$2rdacarrier
=500  \\$aTitle on spreadsheet: "Bernadotte and the Fall of Napoleon"
=590  \\$aHorward Collection$9LOCAL
=700  1\$aScott, Franklin D.
=936  1\$aHorward, Donald D.,$edonor$9LOCAL

