=LDR  00645nam a2200181Mi 4500
=008  \\\\\\s1923\\\\xx\\\\\\\\\\\\000\0\\\\\d
=040  \\$aFDA$beng$cFDA
=035  \\$a(FSUSCA)Horward_Row_2_Section_1_107
=245  00$aBernadotte et Napoleon, 1797-1814 /$cPingaud, Leonce
=264  \1$a[Place of publication not identified] :$bLibrairie Plon,$c1923
=300  \\$avolume
=336  \\$atext$btxt$2rdacontent
=337  \\$aunmediated$bn$2rdamedia
=338  \\$avolume$bnc$2rdacarrier
=500  \\$aTitle on spreadsheet: "Bernadotte et Napoleon, 1797-1814"
=590  \\$aHorward Collection$9LOCAL
=700  1\$aPingaud, Leonce
=936  1\$aHorward, Donald D.,$edonor$9LOCAL

