=LDR  00634nam a2200181Mi 4500
=008  \\\\\\s1914\\\\xx\\\\\\\\\\\\000\0\\\\\d
=040  \\$aFDA$beng$cFDA
=035  \\$a(FSUSCA)Horward_Row_2_Section_9_1590
=245  00$aBernadotte The First Phase /$cD. Plunket Barton
=264  \1$a[Place of publication not identified] :$bJohn Murray,$c1914
=300  \\$avolume
=336  \\$atext$btxt$2rdacontent
=337  \\$aunmediated$bn$2rdamedia
=338  \\$avolume$bnc$2rdacarrier
=500  \\$aTitle on spreadsheet: "Bernadotte The First Phase"
=590  \\$aHorward Collection$9LOCAL
=700  1\$aBarton, D. Plunket
=936  1\$aHorward, Donald D.,$edonor$9LOCAL

