=LDR  00650nam a2200181Mi 4500
=008  \\\\\\s2007\\\\xx\\\\\\\\\\\\000\0\\\\\d
=040  \\$aFDA$beng$cFDA
=035  \\$a(FSUSCA)Horward_Row_2_Section_9_1582
=245  00$aBernie, Simply Bernie /$cStanley, Melton, and Hankin
=264  \1$a[Place of publication not identified] :$bLake Jackson Press,$c2007
=300  \\$avolume
=336  \\$atext$btxt$2rdacontent
=337  \\$aunmediated$bn$2rdamedia
=338  \\$avolume$bnc$2rdacarrier
=500  \\$aTitle on spreadsheet: "Bernie, Simply Bernie"
=590  \\$aHorward Collection$9LOCAL
=710  2\$aStanley, Melton, and Hankin
=936  1\$aHorward, Donald D.,$edonor$9LOCAL

