=LDR  00703nam a2200193Mi 4500
=008  \\\\\\s1972\\\\xx\\\\\\\\\\\\000\0\\\\\d
=040  \\$aFDA$beng$cFDA
=035  \\$a(FSUSCA)Horward_Row_2_Section_6_1028
=245  00$aBetrayers Joachim and Caroline Murat /$cHubert Cole
=264  \1$a[Place of publication not identified] :$bSaturday Review Press,$c1972
=300  \\$avolume
=336  \\$atext$btxt$2rdacontent
=337  \\$aunmediated$bn$2rdamedia
=338  \\$avolume$bnc$2rdacarrier
=500  \\$aTitle on spreadsheet: "The Betrayers Joachim and Caroline Murat"
=500  \\$aAuthor bio, letter, and notes.
=590  \\$aHorward Collection$9LOCAL
=700  1\$aCole, Hubert
=936  1\$aHorward, Donald D.,$edonor$9LOCAL

