=LDR  00678nam a2200193Mi 4500
=008  \\\\\\s2004\\\\xx\\\\\\\\\\\\000\0\\\\\d
=040  \\$aFDA$beng$cFDA
=035  \\$a(FSUSCA)Horward_Row_4_Section_7_2421
=245  00$aBetsy and the Emperor /$cStaton Rabin
=264  \1$a[Place of publication not identified] :$bMargaret K. McElderry Books,$c2004
=300  \\$avolume
=336  \\$atext$btxt$2rdacontent
=337  \\$aunmediated$bn$2rdamedia
=338  \\$avolume$bnc$2rdacarrier
=500  \\$aTitle on spreadsheet: "Betsy and the Emperor"
=500  \\$aLetter from Simon and Schuster.
=590  \\$aHorward Collection$9LOCAL
=700  1\$aRabin, Staton
=936  1\$aHorward, Donald D.,$edonor$9LOCAL

