=LDR  00772nam a2200193Mi 4500
=008  \\\\\\s1906\\\\xx\\\\\\\\\\\\000\0\\\\\d
=040  \\$aFDA$beng$cFDA
=035  \\$a(FSUSCA)Horward_Row_2_Section_3_527
=245  00$aBibliograohie de L'Histoire de Paris Pendant La Revolution Francaise$nvol. 4 /$cMaurice Tourneux
=264  \1$a[Place of publication not identified] :$bImprimerie Nouvelle,$c1906
=300  \\$avolume
=336  \\$atext$btxt$2rdacontent
=337  \\$aunmediated$bn$2rdamedia
=338  \\$avolume$bnc$2rdacarrier
=500  \\$aTitle on spreadsheet: "Bibliograohie de L'Histoire de Paris Pendant La Revolution Francaise, Vol. IV"
=500  \\$aCustom binding.
=590  \\$aHorward Collection$9LOCAL
=700  1\$aTourneux, Maurice
=936  1\$aHorward, Donald D.,$edonor$9LOCAL

