=LDR  00730nam a2200193Mi 4500
=008  \\\\\\s1971\\\\xx\\\\\\\\\\\\000\0\\\\\d
=040  \\$aFDA$beng$cFDA
=035  \\$a(FSUSCA)Horward_Row_2_Section_3_379
=245  00$aBibliographie Critique des Memoires sur le Consulat et L'empire /$cJean Tulard
=264  \1$a[Place of publication not identified] :$bLibrairie Droz,$c1971
=300  \\$avolume
=336  \\$atext$btxt$2rdacontent
=337  \\$aunmediated$bn$2rdamedia
=338  \\$avolume$bnc$2rdacarrier
=500  \\$aTitle on spreadsheet: "Bibliographie Critique des Memoires sur le Consulat et L'empire"
=500  \\$aCustom binding.
=590  \\$aHorward Collection$9LOCAL
=700  1\$aTulard, Jean
=936  1\$aHorward, Donald D.,$edonor$9LOCAL

