=LDR  00703nam a2200193Mi 4500
=008  \\\\\\s1972\\\\xx\\\\\\\\\\\\000\0\\\\\d
=040  \\$aFDA$beng$cFDA
=035  \\$a(FSUSCA)Horward_Row_2_Section_2_267
=245  00$aBibliographie de Georges Lefebvre /$cJames Friguglietti
=264  \1$a[Place of publication not identified] :$bSociete des Etudes Robespieristes,$c1972
=300  \\$avolume
=336  \\$atext$btxt$2rdacontent
=337  \\$aunmediated$bn$2rdamedia
=338  \\$avolume$bnc$2rdacarrier
=500  \\$aTitle on spreadsheet: "Bibliographie de Georges Lefebvre"
=500  \\$aCustom binding.
=590  \\$aHorward Collection$9LOCAL
=700  1\$aFriguglietti, James
=936  1\$aHorward, Donald D.,$edonor$9LOCAL

