=LDR  00771nam a2200193Mi 4500
=008  \\\\\\s1913\\\\xx\\\\\\\\\\\\000\0\\\\\d
=040  \\$aFDA$beng$cFDA
=035  \\$a(FSUSCA)Horward_Row_2_Section_3_526
=245  00$aBibliographie de L'Histoire de Paris Pendant La Revolution Francaise$nvol. 5 /$cMaurice Tourneux
=264  \1$a[Place of publication not identified] :$bImprimerie Nouvelle,$c1913
=300  \\$avolume
=336  \\$atext$btxt$2rdacontent
=337  \\$aunmediated$bn$2rdamedia
=338  \\$avolume$bnc$2rdacarrier
=500  \\$aTitle on spreadsheet: "Bibliographie de L'Histoire de Paris Pendant La Revolution Francaise, Vol. V"
=500  \\$aCustom binding.
=590  \\$aHorward Collection$9LOCAL
=700  1\$aTourneux, Maurice
=936  1\$aHorward, Donald D.,$edonor$9LOCAL

