=LDR  00791nam a2200205Mi 4500
=008  \\\\\\s1913\\\\xx\\\\\\\\\\\\000\0\\\\\d
=040  \\$aFDA$beng$cFDA
=035  \\$a(FSUSCA)Horward_Row_2_Section_3_499
=245  00$aBibliographie des Historiques des Regiments Francias /$cLe Capitaine Jean Hanoteau et Emile Bonnot
=264  \1$a[Place of publication not identified] :$bLibrairie Ancienne Honore Champion,$c1913
=300  \\$avolume
=336  \\$atext$btxt$2rdacontent
=337  \\$aunmediated$bn$2rdamedia
=338  \\$avolume$bnc$2rdacarrier
=500  \\$aTitle on spreadsheet: "Bibliographie des Historiques des Regiments Francias"
=500  \\$aCustom binding.
=590  \\$aHorward Collection$9LOCAL
=700  1\$aHanoteau, Jean
=700  1\$aBonnot, Emile
=936  1\$aHorward, Donald D.,$edonor$9LOCAL

