=LDR  00679nam a2200181Mi 4500
=008  \\\\\\s1968\\\\xx\\\\\\\\\\\\000\0\\\\\d
=040  \\$aFDA$beng$cFDA
=035  \\$a(FSUSCA)Horward_Row_2_Section_11_1963
=245  00$aBibliographie de Temps de Napoleon$nVol. I /$cFrederic M. Kircheisen
=264  \1$a[Place of publication not identified] :$bBurt Franklin,$c1968
=300  \\$avolume
=336  \\$atext$btxt$2rdacontent
=337  \\$aunmediated$bn$2rdamedia
=338  \\$avolume$bnc$2rdacarrier
=500  \\$aTitle on spreadsheet: "Bibliographie de Temps de Napoleon, Vol. I"
=590  \\$aHorward Collection$9LOCAL
=700  1\$aKircheisen, Frederic M.
=936  1\$aHorward, Donald D.,$edonor$9LOCAL

