=LDR  00647nam a2200181Mi 4500
=008  \\\\\\s1902\\\\xx\\\\\\\\\\\\000\0\\\\\d
=040  \\$aFDA$beng$cFDA
=035  \\$a(FSUSCA)Horward_Row_2_Section_9_1463
=245  00$aBibliographie Napoleonienne /$cF. Kircheisen
=264  \1$a[Place of publication not identified] :$bLibrarie Militaire R. Chapelot,$c1902
=300  \\$avolume
=336  \\$atext$btxt$2rdacontent
=337  \\$aunmediated$bn$2rdamedia
=338  \\$avolume$bnc$2rdacarrier
=500  \\$aTitle on spreadsheet: "Bibliographie Napoleonienne"
=590  \\$aHorward Collection$9LOCAL
=700  1\$aKircheisen, F.
=936  1\$aHorward, Donald D.,$edonor$9LOCAL

