=LDR  00698nam a2200181Mi 4500
=008  \\\\\\s2014\\\\xx\\\\\\\\\\\\000\0\\\\\d
=040  \\$aFDA$beng$cFDA
=035  \\$a(FSUSCA)Horward_Row_4_Section_7_2356
=245  00$aBicentenary of the Peninuslar War, A Commemorative Record /$cNick Lipscomb
=264  \1$a[Place of publication not identified] :$bOsprey Publishing,$c2014
=300  \\$avolume
=336  \\$atext$btxt$2rdacontent
=337  \\$aunmediated$bn$2rdamedia
=338  \\$avolume$bnc$2rdacarrier
=500  \\$aTitle on spreadsheet: "The Bicentenary of the Peninuslar War: A Commemorative Record"
=590  \\$aHorward Collection$9LOCAL
=700  1\$aLipscomb, Nick
=936  1\$aHorward, Donald D.,$edonor$9LOCAL

