=LDR  00596nam a2200181Mi 4500
=008  \\\\\\s1995\\\\xx\\\\\\\\\\\\000\0\\\\\d
=040  \\$aFDA$beng$cFDA
=035  \\$a(FSUSCA)Horward_Row_2_Section_8_1418
=245  00$aBitva Tri Cisaru /$cDusan Uhlir
=264  \1$a[Place of publication not identified] :$bBrno,$c1995
=300  \\$avolume
=336  \\$atext$btxt$2rdacontent
=337  \\$aunmediated$bn$2rdamedia
=338  \\$avolume$bnc$2rdacarrier
=500  \\$aTitle on spreadsheet: "Bitva Tri Cisaru "
=590  \\$aHorward Collection$9LOCAL
=700  1\$aUhlir, Dusan
=936  1\$aHorward, Donald D.,$edonor$9LOCAL

