=LDR  00639nam a2200193Mi 4500
=008  \\\\\\s1913\\\\xx\\\\\\\\\\\\000\0\\\\\d
=040  \\$aFDA$beng$cFDA
=035  \\$a(FSUSCA)Horward_Row_4_Section_8_2593
=245  00$aBleus Blancs et Rouges /$cLenotre
=264  \1$a[Place of publication not identified] :$bPerrin et Cie,$c1913
=300  \\$avolume
=336  \\$atext$btxt$2rdacontent
=337  \\$aunmediated$bn$2rdamedia
=338  \\$avolume$bnc$2rdacarrier
=500  \\$aTitle on spreadsheet: "Bleus Blancs et Rouges"
=500  \\$aCustom binding.
=590  \\$aHorward Collection$9LOCAL
=700  1\$aLenotre
=936  1\$aHorward, Donald D.,$edonor$9LOCAL

