=LDR  00598nam a2200181Mi 4500
=008  \\\\\\s1937\\\\xx\\\\\\\\\\\\000\0\\\\\d
=040  \\$aFDA$beng$cFDA
=035  \\$a(FSUSCA)Horward_Row_2_Section_2_171
=245  00$aBonaparte /$cEugene Tarle
=264  \1$a[Place of publication not identified] :$bKnight Publications,$c1937
=300  \\$avolume
=336  \\$atext$btxt$2rdacontent
=337  \\$aunmediated$bn$2rdamedia
=338  \\$avolume$bnc$2rdacarrier
=500  \\$aTitle on spreadsheet: "Bonaparte "
=590  \\$aHorward Collection$9LOCAL
=700  1\$aTarle, Eugene
=936  1\$aHorward, Donald D.,$edonor$9LOCAL

