=LDR  00601nam a2200181Mi 4500
=008  \\\\\\s1978\\\\xx\\\\\\\\\\\\000\0\\\\\d
=040  \\$aFDA$beng$cFDA
=035  \\$a(FSUSCA)Horward_Row_2_Section_9_1470
=245  00$aBonaparte /$cCorrelli Barnett
=264  \1$a[Place of publication not identified] :$bHill and Wang,$c1978
=300  \\$avolume
=336  \\$atext$btxt$2rdacontent
=337  \\$aunmediated$bn$2rdamedia
=338  \\$avolume$bnc$2rdacarrier
=500  \\$aTitle on spreadsheet: "Bonaparte "
=590  \\$aHorward Collection$9LOCAL
=700  1\$aBarnett, Correlli
=936  1\$aHorward, Donald D.,$edonor$9LOCAL

