=LDR  00676nam a2200193Mi 4500
=008  \\\\\\s1937\\\\xx\\\\\\\\\\\\000\0\\\\\d
=040  \\$aFDA$beng$cFDA
=035  \\$a(FSUSCA)Horward_Row_4_Section_7_2506
=245  00$aBonaparte, Peint par Lui-meme /$cFrancois Duhourcau
=264  \1$a[Place of publication not identified] :$bEditions Spes,$c1937
=300  \\$avolume
=336  \\$atext$btxt$2rdacontent
=337  \\$aunmediated$bn$2rdamedia
=338  \\$avolume$bnc$2rdacarrier
=500  \\$aTitle on spreadsheet: "Bonaparte: Peint par Lui-meme"
=500  \\$aCustom binding.
=590  \\$aHorward Collection$9LOCAL
=700  1\$aDuhourcau, Francois
=936  1\$aHorward, Donald D.,$edonor$9LOCAL

