=LDR  00652nam a2200181Mi 4500
=008  \\\\\\s1931\\\\xx\\\\\\\\\\\\000\0\\\\\d
=040  \\$aFDA$beng$cFDA
=035  \\$a(FSUSCA)Horward_Row_2_Section_8_1339
=245  00$aBonaparte's Adventure in Egypt /$cLt. Col. P.G. Elgood
=264  \1$a[Place of publication not identified] :$bOxford University Press,$c1931
=300  \\$avolume
=336  \\$atext$btxt$2rdacontent
=337  \\$aunmediated$bn$2rdamedia
=338  \\$avolume$bnc$2rdacarrier
=500  \\$aTitle on spreadsheet: "Bonaparte's Adventure in Egypt "
=590  \\$aHorward Collection$9LOCAL
=700  1\$aElgood, P.G.
=936  1\$aHorward, Donald D.,$edonor$9LOCAL

