=LDR  00657nam a2200193Mi 4500
=008  \\\\\\s1929\\\\xx\\\\\\\\\\\\000\0\\\\\d
=040  \\$aFDA$beng$cFDA
=035  \\$a(FSUSCA)Horward_Row_4_Section_6_2297
=245  00$aBonaparte a Toulon /$cRaymond Recouly
=264  \1$a[Place of publication not identified] :$bLes Editions de France,$c1929
=300  \\$avolume
=336  \\$atext$btxt$2rdacontent
=337  \\$aunmediated$bn$2rdamedia
=338  \\$avolume$bnc$2rdacarrier
=500  \\$aTitle on spreadsheet: "Bonaparte a Toulon"
=500  \\$aCustom binding.
=590  \\$aHorward Collection$9LOCAL
=700  1\$aRecouly, Raymond
=936  1\$aHorward, Donald D.,$edonor$9LOCAL

