=LDR  00695nam a2200193Mi 4500
=008  \\\\\\suuuu\\\\xx\\\\\\\\\\\\000\0\\\\\d
=040  \\$aFDA$beng$cFDA
=035  \\$a(FSUSCA)Horward_Row_2_Section_3_455
=245  00$aBonaparte et l'Egypte /$cJehan D'Ivray
=264  \1$a[Place of publication not identified] :$bLibrairie Alphonese Lemerre,$c[date of publication not identified]
=300  \\$avolume
=336  \\$atext$btxt$2rdacontent
=337  \\$aunmediated$bn$2rdamedia
=338  \\$avolume$bnc$2rdacarrier
=500  \\$aTitle on spreadsheet: "Bonaparte et l'Egypte"
=500  \\$aCustom binding.
=590  \\$aHorward Collection$9LOCAL
=700  1\$aD'Ivray, Jehan
=936  1\$aHorward, Donald D.,$edonor$9LOCAL

