=LDR  00645nam a2200181Mi 4500
=008  \\\\\\s1974\\\\xx\\\\\\\\\\\\000\0\\\\\d
=040  \\$aFDA$beng$cFDA
=035  \\$a(FSUSCA)Horward_Row_2_Section_7_1260
=245  00$aBonaparte et le coup D'Etat$nVol 5 /$cAlexander Keller
=264  \1$a[Place of publication not identified] :$bAlbert Merchant,$c1974
=300  \\$avolume
=336  \\$atext$btxt$2rdacontent
=337  \\$aunmediated$bn$2rdamedia
=338  \\$avolume$bnc$2rdacarrier
=500  \\$aTitle on spreadsheet: "Bonaparte et le coup D'Etat"
=590  \\$aHorward Collection$9LOCAL
=700  1\$aKeller, Alexander
=936  1\$aHorward, Donald D.,$edonor$9LOCAL

