=LDR  00687nam a2200193Mi 4500
=008  \\\\\\s1883\\\\xx\\\\\\\\\\\\000\0\\\\\d
=040  \\$aFDA$beng$cFDA
=035  \\$a(FSUSCA)Horward_Row_2_Section_3_422
=245  00$aBonaparte et Son Temps, 1769-1799$nVol. I /$cTh. Iung
=264  \1$a[Place of publication not identified] :$bG. Charpentier et Cie,$c1883
=300  \\$avolume
=336  \\$atext$btxt$2rdacontent
=337  \\$aunmediated$bn$2rdamedia
=338  \\$avolume$bnc$2rdacarrier
=500  \\$aTitle on spreadsheet: "Bonaparte et Son Temps, 1769-1799, Vol. I"
=500  \\$aCustom binding.
=590  \\$aHorward Collection$9LOCAL
=700  1\$aLung, Th.
=936  1\$aHorward, Donald D.,$edonor$9LOCAL

