=LDR  00688nam a2200193Mi 4500
=008  \\\\\\s1942\\\\xx\\\\\\\\\\\\000\0\\\\\d
=040  \\$aFDA$beng$cFDA
=035  \\$a(FSUSCA)Horward_Row_4_Section_7_2412
=245  00$aBonaparte Les Annees Obscures 1769-1795 /$cHenry D'Estre
=264  \1$a[Place of publication not identified] :$bPlon et Nourrit,$c1942
=300  \\$avolume
=336  \\$atext$btxt$2rdacontent
=337  \\$aunmediated$bn$2rdamedia
=338  \\$avolume$bnc$2rdacarrier
=500  \\$aTitle on spreadsheet: "Bonaparte Les Annees Obscures 1769-1795"
=500  \\$aCustom binding.
=590  \\$aHorward Collection$9LOCAL
=700  1\$aD'Estre, Henry
=936  1\$aHorward, Donald D.,$edonor$9LOCAL

