=LDR  00633nam a2200193Mi 4500
=008  \\\\\\s1966\\\\xx\\\\\\\\\\\\000\0\\\\\d
=040  \\$aFDA$beng$cFDA
=035  \\$a(FSUSCA)Horward_Row_4_Section_8_2637
=245  00$aBonapartes /$cDavid Stacton
=250  \\$a3rd Edition
=264  \1$a[Place of publication not identified] :$bSimon and Schuster,$c1966
=300  \\$avolume
=336  \\$atext$btxt$2rdacontent
=337  \\$aunmediated$bn$2rdamedia
=338  \\$avolume$bnc$2rdacarrier
=500  \\$aTitle on spreadsheet: "The Bonapartes"
=590  \\$aHorward Collection$9LOCAL
=700  1\$aStacton, David
=936  1\$aHorward, Donald D.,$edonor$9LOCAL

