=LDR  00588nam a2200181Mi 4500
=008  \\\\\\s1972\\\\xx\\\\\\\\\\\\000\0\\\\\d
=040  \\$aFDA$beng$cFDA
=035  \\$a(FSUSCA)Horward_Row_2_Section_7_1175
=245  00$aBorodino /$cDuffy
=264  \1$a[Place of publication not identified] :$bSeeley, Service and Co Ltd,$c1972
=300  \\$avolume
=336  \\$atext$btxt$2rdacontent
=337  \\$aunmediated$bn$2rdamedia
=338  \\$avolume$bnc$2rdacarrier
=500  \\$aTitle on spreadsheet: "Borodino"
=590  \\$aHorward Collection$9LOCAL
=700  1\$aDuffy
=936  1\$aHorward, Donald D.,$edonor$9LOCAL

