=LDR  00638nam a2200193Mi 4500
=008  \\\\\\s1971\\\\xx\\\\\\\\\\\\000\0\\\\\d
=040  \\$aFDA$beng$cFDA
=035  \\$a(FSUSCA)Horward_Row_2_Section_7_1223
=245  00$aBorodino 1812 /$cE. R. Holmes
=250  \\$aFirst Edition
=264  \1$a[Place of publication not identified] :$bCharles Knight and Co,$c1971
=300  \\$avolume
=336  \\$atext$btxt$2rdacontent
=337  \\$aunmediated$bn$2rdamedia
=338  \\$avolume$bnc$2rdacarrier
=500  \\$aTitle on spreadsheet: "Borodino 1812"
=590  \\$aHorward Collection$9LOCAL
=700  1\$aHolmes, E. R.
=936  1\$aHorward, Donald D.,$edonor$9LOCAL

