=LDR  00764nam a2200193Mi 4500
=008  \\\\\\s2003\\\\xx\\\\\\\\\\\\000\0\\\\\d
=040  \\$aFDA$beng$cFDA
=035  \\$a(FSUSCA)Horward_Row_2_Section_9_1548
=245  00$aBorodino and Napoleonic Wars battles, battlefields memorials /$cInternational Scientific Conference
=250  \\$aRussian Edition
=264  \1$a[Place of publication not identified] :$bMockba,$c2003
=300  \\$avolume
=336  \\$atext$btxt$2rdacontent
=337  \\$aunmediated$bn$2rdamedia
=338  \\$avolume$bnc$2rdacarrier
=500  \\$aTitle on spreadsheet: "Borodino and Napoleonic Wars battles, battlefields memorials"
=590  \\$aHorward Collection$9LOCAL
=710  2\$aInternational Scientific Conference
=936  1\$aHorward, Donald D.,$edonor$9LOCAL

