=LDR  00687nam a2200181Mi 4500
=008  \\\\\\s1937\\\\xx\\\\\\\\\\\\000\0\\\\\d
=040  \\$aFDA$beng$cFDA
=035  \\$a(FSUSCA)Horward_Row_2_Section_10_1663
=245  00$aBravest Soldier Sir Rollo Gillespie 1766-1814 /$cEric Wakeham
=264  \1$a[Place of publication not identified] :$bWilliam Blackwood and Sons Ltd.,$c1937
=300  \\$avolume
=336  \\$atext$btxt$2rdacontent
=337  \\$aunmediated$bn$2rdamedia
=338  \\$avolume$bnc$2rdacarrier
=500  \\$aTitle on spreadsheet: "The Bravest Soldier Sir Rollo Gillespie 1766-1814"
=590  \\$aHorward Collection$9LOCAL
=700  1\$aWakeham, Eric
=936  1\$aHorward, Donald D.,$edonor$9LOCAL

