=LDR  00774nam a2200181Mi 4500
=008  \\\\\\s1948\\\\xx\\\\\\\\\\\\000\0\\\\\d
=040  \\$aFDA$beng$cFDA
=035  \\$a(FSUSCA)Horward_Row_2_Section_10_1714
=245  00$aBrief History of the King's Royal Rifle Corps, 1755 to 1948 /$cHistorical Committee of the Celer et Audax Club
=264  \1$a[Place of publication not identified] :$bGale and Polden Limited,$c1948
=300  \\$avolume
=336  \\$atext$btxt$2rdacontent
=337  \\$aunmediated$bn$2rdamedia
=338  \\$avolume$bnc$2rdacarrier
=500  \\$aTitle on spreadsheet: "A Brief History of the King's Royal Rifle Corps, 1755 to 1948"
=590  \\$aHorward Collection$9LOCAL
=710  2\$aHistorical Committee of the Celer et Audax Club
=936  1\$aHorward, Donald D.,$edonor$9LOCAL

