=LDR  00628nam a2200181Mi 4500
=008  \\\\\\s1996\\\\xx\\\\\\\\\\\\000\0\\\\\d
=040  \\$aFDA$beng$cFDA
=035  \\$a(FSUSCA)Horward_Row_2_Section_9_1522
=245  00$aBritain and the Defeat of Napoleon /$cRory Miur
=264  \1$a[Place of publication not identified] :$bYale,$c1996
=300  \\$avolume
=336  \\$atext$btxt$2rdacontent
=337  \\$aunmediated$bn$2rdamedia
=338  \\$avolume$bnc$2rdacarrier
=500  \\$aTitle on spreadsheet: "Britain and the Defeat of Napoleon "
=590  \\$aHorward Collection$9LOCAL
=700  1\$aMiur, Rory
=936  1\$aHorward, Donald D.,$edonor$9LOCAL

