=LDR  00665nam a2200181Mi 4500
=008  \\\\\\s1996\\\\xx\\\\\\\\\\\\000\0\\\\\d
=040  \\$aFDA$beng$cFDA
=035  \\$a(FSUSCA)Horward_Row_2_Section_6_897
=245  00$aBritain and the Defeat of Napoleon, 1807-1815 /$cRory Muir
=264  \1$a[Place of publication not identified] :$bYale University Press,$c1996
=300  \\$avolume
=336  \\$atext$btxt$2rdacontent
=337  \\$aunmediated$bn$2rdamedia
=338  \\$avolume$bnc$2rdacarrier
=500  \\$aTitle on spreadsheet: "Britain and the Defeat of Napoleon: 1807-1815"
=590  \\$aHorward Collection$9LOCAL
=700  1\$aMuir, Rory
=936  1\$aHorward, Donald D.,$edonor$9LOCAL

