=LDR  00641nam a2200193Mi 4500
=008  \\\\\\s1973\\\\xx\\\\\\\\\\\\000\0\\\\\d
=040  \\$aFDA$beng$cFDA
=035  \\$a(FSUSCA)Horward_Row_2_Section_7_1221
=245  00$aBritain at Bay /$cRichard Glover
=264  \1$a[Place of publication not identified] :$bAllen and Unwin Ltd,$c1973
=300  \\$avolume
=336  \\$atext$btxt$2rdacontent
=337  \\$aunmediated$bn$2rdamedia
=338  \\$avolume$bnc$2rdacarrier
=500  \\$aTitle on spreadsheet: "Britain at Bay"
=500  \\$aAutographed.
=590  \\$aHorward Collection$9LOCAL
=700  1\$aGlover, Richard
=936  1\$aHorward, Donald D.,$edonor$9LOCAL

