=LDR  00724nam a2200181Mi 4500
=008  \\\\\\s1995\\\\xx\\\\\\\\\\\\000\0\\\\\d
=040  \\$aFDA$beng$cFDA
=035  \\$a(FSUSCA)Horward_Row_2_Section_12_2054
=245  00$aBritish Amphibious Campaigns and Operations of the Peninsular War /$cPaul C. Krajeski
=264  \1$a[Place of publication not identified] :$bFlorida State University,$c1995
=300  \\$avolume
=336  \\$atext$btxt$2rdacontent
=337  \\$aunmediated$bn$2rdamedia
=338  \\$avolume$bnc$2rdacarrier
=500  \\$aTitle on spreadsheet: "British Amphibious Campaigns and Operations of the Peninsular War"
=590  \\$aHorward Collection$9LOCAL
=700  1\$aKrajeski, Paul C.
=936  1\$aHorward, Donald D.,$edonor$9LOCAL

