=LDR  00685nam a2200181Mi 4500
=008  \\\\\\s1907\\\\xx\\\\\\\\\\\\000\0\\\\\d
=040  \\$aFDA$beng$cFDA
=035  \\$a(FSUSCA)Horward_Row_2_Section_11_1977
=245  00$aBritish Army Under Wellington, 1813-1814 /$cT. Miller Maguire
=264  \1$a[Place of publication not identified] :$bWilliam Clowes and Sons, Ltd.,$c1907
=300  \\$avolume
=336  \\$atext$btxt$2rdacontent
=337  \\$aunmediated$bn$2rdamedia
=338  \\$avolume$bnc$2rdacarrier
=500  \\$aTitle on spreadsheet: "The British Army Under Wellington, 1813-1814"
=590  \\$aHorward Collection$9LOCAL
=700  1\$aMaguire, T. Miller
=936  1\$aHorward, Donald D.,$edonor$9LOCAL

