=LDR  00656nam a2200181Mi 4500
=008  \\\\\\s1871\\\\xx\\\\\\\\\\\\000\0\\\\\d
=040  \\$aFDA$beng$cFDA
=035  \\$a(FSUSCA)Horward_Row_4_Section_8_2569
=245  00$aBritish Campaigns in the Peninsula /$cC.W. Robinson
=264  \1$a[Place of publication not identified] :$bMitchel and Co. Military,$c1871
=300  \\$avolume
=336  \\$atext$btxt$2rdacontent
=337  \\$aunmediated$bn$2rdamedia
=338  \\$avolume$bnc$2rdacarrier
=500  \\$aTitle on spreadsheet: "British Campaigns in the Peninsula "
=590  \\$aHorward Collection$9LOCAL
=700  1\$aRobinson, C.W.
=936  1\$aHorward, Donald D.,$edonor$9LOCAL

