=LDR  00750nam a2200181Mi 4500
=008  \\\\\\s1967\\\\xx\\\\\\\\\\\\000\0\\\\\d
=040  \\$aFDA$beng$cFDA
=035  \\$a(FSUSCA)Horward_Row_2_Section_12_2047
=245  00$aBritish Military and Civil Preparations against Napoleon's Planned Invasion /$cErwin McCawley Renn
=264  \1$a[Place of publication not identified] :$bFlorida State University,$c1967
=300  \\$avolume
=336  \\$atext$btxt$2rdacontent
=337  \\$aunmediated$bn$2rdamedia
=338  \\$avolume$bnc$2rdacarrier
=500  \\$aTitle on spreadsheet: "British Military and Civil Preparations against Napoleon's Planned Invasion"
=590  \\$aHorward Collection$9LOCAL
=700  1\$aRenn, Erwin McCawley
=936  1\$aHorward, Donald D.,$edonor$9LOCAL

