=LDR  00675nam a2200181Mi 4500
=008  \\\\\\s2002\\\\xx\\\\\\\\\\\\000\0\\\\\d
=040  \\$aFDA$beng$cFDA
=035  \\$a(FSUSCA)Horward_Row_4_Section_5_2078
=245  00$aBritish Naval Operations in the North Sea /$cDavid J. Raymond
=264  \1$a[Place of publication not identified] :$bFlorida State University,$c2002
=300  \\$avolume
=336  \\$atext$btxt$2rdacontent
=337  \\$aunmediated$bn$2rdamedia
=338  \\$avolume$bnc$2rdacarrier
=500  \\$aTitle on spreadsheet: "British Naval Operations in the North Sea"
=590  \\$aHorward Collection$9LOCAL
=700  1\$aRaymond, David J.
=936  1\$aHorward, Donald D.,$edonor$9LOCAL

