=LDR  00714nam a2200193Mi 4500
=008  \\\\\\s2003\\\\xx\\\\\\\\\\\\000\0\\\\\d
=040  \\$aFDA$beng$cFDA
=035  \\$a(FSUSCA)Horward_Row_2_Section_10_1736
=245  00$aBritish Volunteer Movement 1794-1814 /$cAustin Gee
=264  \1$a[Place of publication not identified] :$bOxford University Press,$c2003
=300  \\$avolume
=336  \\$atext$btxt$2rdacontent
=337  \\$aunmediated$bn$2rdamedia
=338  \\$avolume$bnc$2rdacarrier
=500  \\$aTitle on spreadsheet: "The British Volunteer Movement 1794-1814"
=500  \\$aThe British Volunteer Movement 1794-1814
=590  \\$aHorward Collection$9LOCAL
=700  1\$aGee, Austin
=936  1\$aHorward, Donald D.,$edonor$9LOCAL

