=LDR  00625nam a2200181Mi 4500
=008  \\\\\\s1991\\\\xx\\\\\\\\\\\\000\0\\\\\d
=040  \\$aFDA$beng$cFDA
=035  \\$a(FSUSCA)Horward_Row_2_Section_11_1899
=245  00$aBrno A Okoli Brno...Brunn... /$cDalibor Kusak
=264  \1$a[Place of publication not identified] :$bPraha,$c1991
=300  \\$avolume
=336  \\$atext$btxt$2rdacontent
=337  \\$aunmediated$bn$2rdamedia
=338  \\$avolume$bnc$2rdacarrier
=500  \\$aTitle on spreadsheet: "Brno A Okoli Brno...Brunn..."
=590  \\$aHorward Collection$9LOCAL
=700  1\$aKusak, Dalibor
=936  1\$aHorward, Donald D.,$edonor$9LOCAL

