=LDR  00678nam a2200181Mi 4500
=008  \\\\\\s1960\\\\xx\\\\\\\\\\\\000\0\\\\\d
=040  \\$aFDA$beng$cFDA
=035  \\$a(FSUSCA)Horward_Row_4_Section_7_2497
=245  00$aBrother Solomon, Martyr of the French Revolution /$cW. J. Battersby
=264  \1$a[Place of publication not identified] :$bBurns and Oates,$c1960
=300  \\$avolume
=336  \\$atext$btxt$2rdacontent
=337  \\$aunmediated$bn$2rdamedia
=338  \\$avolume$bnc$2rdacarrier
=500  \\$aTitle on spreadsheet: "Brother Solomon: Martyr of the French Revolution"
=590  \\$aHorward Collection$9LOCAL
=700  1\$aBattersby, W. J.
=936  1\$aHorward, Donald D.,$edonor$9LOCAL

