=LDR  00673nam a2200181Mi 4500
=008  \\\\\\s1922\\\\xx\\\\\\\\\\\\000\0\\\\\d
=040  \\$aFDA$beng$cFDA
=035  \\$a(FSUSCA)Horward_Row_2_Section_9_1454
=245  00$aBulletin des lois de la Rpublique Franchaise /$cMinistry Du Commerce
=264  \1$a[Place of publication not identified] :$bParis,$c1922
=300  \\$avolume
=336  \\$atext$btxt$2rdacontent
=337  \\$aunmediated$bn$2rdamedia
=338  \\$avolume$bnc$2rdacarrier
=500  \\$aTitle on spreadsheet: "Bulletin des lois de la Rpublique Franchaise"
=590  \\$aHorward Collection$9LOCAL
=710  2\$aMinistry Du Commerce
=936  1\$aHorward, Donald D.,$edonor$9LOCAL

