=LDR  00715nam a2200193Mi 4500
=008  \\\\\\s1907\\\\xx\\\\\\\\\\\\000\0\\\\\d
=040  \\$aFDA$beng$cFDA
=035  \\$a(FSUSCA)Horward_Row_2_Section_4_605
=245  00$aBulletin du Bibliophile et du Bibliothecaire /$cGeorges Vicaire
=264  \1$a[Place of publication not identified] :$bParis Librairie Henri Leclerc,$c1907
=300  \\$avolume
=336  \\$atext$btxt$2rdacontent
=337  \\$aunmediated$bn$2rdamedia
=338  \\$avolume$bnc$2rdacarrier
=500  \\$aTitle on spreadsheet: "Bulletin du Bibliophile et du Bibliothecaire"
=500  \\$aCustom binding.
=590  \\$aHorward Collection$9LOCAL
=700  1\$aVicaire, Georges
=936  1\$aHorward, Donald D.,$edonor$9LOCAL

