=LDR  00747nam a2200181Mi 4500
=008  \\\\\\s1979\\\\xx\\\\\\\\\\\\000\0\\\\\d
=040  \\$aFDA$beng$cFDA
=035  \\$a(FSUSCA)Horward_Row_4_Section_6_2154
=245  00$aBureau of Commerce in 1781 and Its Policies With Respect to French Industry /$cHarold T. Parker
=264  \1$a[Place of publication not identified] :$bCarolina Academic Press,$c1979
=300  \\$avolume
=336  \\$atext$btxt$2rdacontent
=337  \\$aunmediated$bn$2rdamedia
=338  \\$avolume$bnc$2rdacarrier
=500  \\$aTitle on spreadsheet: "The Bureau of Commerce in 1781 and Its Policies With Respect to French Industry "
=590  \\$aHorward Collection$9LOCAL
=700  1\$aParker, Harold T.
=936  1\$aHorward, Donald D.,$edonor$9LOCAL

