=LDR  00630nam a2200181Mi 4500
=008  \\\\\\s1964\\\\xx\\\\\\\\\\\\000\0\\\\\d
=040  \\$aFDA$beng$cFDA
=035  \\$a(FSUSCA)Horward_Row_2_Section_7_1180
=245  00$aBurning of Moscow 1812 /$cDaria Olivier
=264  \1$a[Place of publication not identified] :$bAllen and Unwin Ltd,$c1964
=300  \\$avolume
=336  \\$atext$btxt$2rdacontent
=337  \\$aunmediated$bn$2rdamedia
=338  \\$avolume$bnc$2rdacarrier
=500  \\$aTitle on spreadsheet: "The Burning of Moscow 1812"
=590  \\$aHorward Collection$9LOCAL
=700  1\$aOlivier, Daria
=936  1\$aHorward, Donald D.,$edonor$9LOCAL

