=LDR  00623nam a2200193Mi 4500
=008  \\\\\\s1966\\\\xx\\\\\\\\\\\\000\0\\\\\d
=040  \\$aFDA$beng$cFDA
=035  \\$a(FSUSCA)Horward_Row_2_Section_10_1786
=245  00$aBussaco /$cSuzanne Chantail
=264  \1$a[Place of publication not identified] :$bLibson,$c1966
=300  \\$avolume
=336  \\$atext$btxt$2rdacontent
=337  \\$aunmediated$bn$2rdamedia
=338  \\$avolume$bnc$2rdacarrier
=500  \\$aTitle on spreadsheet: "Bussaco"
=500  \\$aLoose documents.
=590  \\$aHorward Collection$9LOCAL
=700  1\$aChantail, Suzanne
=936  1\$aHorward, Donald D.,$edonor$9LOCAL

