=LDR  00607nam a2200181Mi 4500
=008  \\\\\\s1994\\\\xx\\\\\\\\\\\\000\0\\\\\d
=040  \\$aFDA$beng$cFDA
=035  \\$a(FSUSCA)Horward_Row_2_Section_11_1831
=245  00$aBussaco /$cLt. Col. G.L. Chambers
=264  \1$a[Place of publication not identified] :$bWorley Publications,$c1994
=300  \\$avolume
=336  \\$atext$btxt$2rdacontent
=337  \\$aunmediated$bn$2rdamedia
=338  \\$avolume$bnc$2rdacarrier
=500  \\$aTitle on spreadsheet: "Bussaco "
=590  \\$aHorward Collection$9LOCAL
=700  1\$aChambers, G.L.
=936  1\$aHorward, Donald D.,$edonor$9LOCAL

