=LDR  00755nam a2200193Mi 4500
=008  \\\\\\s1916\\\\xx\\\\\\\\\\\\000\0\\\\\d
=040  \\$aFDA$beng$cFDA
=035  \\$a(FSUSCA)Horward_Row_2_Section_3_511
=245  00$aBussaco, Its Monastery, Battle, and Woods, and Its Uses as a Health Resort /$cD.G. Dalgado
=264  \1$a[Place of publication not identified] :$bTorres and Cta.,$c1916
=300  \\$avolume
=336  \\$atext$btxt$2rdacontent
=337  \\$aunmediated$bn$2rdamedia
=338  \\$avolume$bnc$2rdacarrier
=500  \\$aTitle on spreadsheet: "Bussaco: Its Monastery, Battle, and Woods, and Its Uses as a Health Resort"
=500  \\$aCustom binding.
=590  \\$aHorward Collection$9LOCAL
=700  1\$aDalgado, D.G.
=936  1\$aHorward, Donald D.,$edonor$9LOCAL

