=LDR  00741nam a2200193Mi 4500
=008  \\\\\\s1989\\\\xx\\\\\\\\\\\\000\0\\\\\d
=040  \\$aFDA$beng$cFDA
=035  \\$a(FSUSCA)Horward_Row_2_Section_9_1615
=245  00$aCahiers des Plaintes et Doleances de Loire-Atlantique$nVol 1 /$cMene and Santrot
=264  \1$a[Place of publication not identified] :$bEdition du Conseil Gnral de Loire-Atlantique,$c1989
=300  \\$avolume
=336  \\$atext$btxt$2rdacontent
=337  \\$aunmediated$bn$2rdamedia
=338  \\$avolume$bnc$2rdacarrier
=500  \\$aTitle on spreadsheet: "Cahiers des Plaintes et Doleances de Loire-Atlantique"
=590  \\$aHorward Collection$9LOCAL
=700  1\$aMene
=700  1\$aSantrot
=936  1\$aHorward, Donald D.,$edonor$9LOCAL

