=LDR  00616nam a2200181Mi 4500
=008  \\\\\\s1960\\\\xx\\\\\\\\\\\\000\0\\\\\d
=040  \\$aFDA$beng$cFDA
=035  \\$a(FSUSCA)Horward_Row_2_Section_1_49
=245  00$aCalas Affair /$cBien, David D.
=264  \1$a[Place of publication not identified] :$bPrinceton University Press,$c1960
=300  \\$avolume
=336  \\$atext$btxt$2rdacontent
=337  \\$aunmediated$bn$2rdamedia
=338  \\$avolume$bnc$2rdacarrier
=500  \\$aTitle on spreadsheet: "The Calas Affair"
=590  \\$aHorward Collection$9LOCAL
=700  1\$aBien, David D.
=936  1\$aHorward, Donald D.,$edonor$9LOCAL

