=LDR  00637nam a2200181Mi 4500
=008  \\\\\\s1972\\\\xx\\\\\\\\\\\\000\0\\\\\d
=040  \\$aFDA$beng$cFDA
=035  \\$a(FSUSCA)Horward_Row_2_Section_9_1469
=245  00$aCalendar of Rochambeau Papers /$cMonti
=264  \1$a[Place of publication not identified] :$bUniversity of Florida Libraries,$c1972
=300  \\$avolume
=336  \\$atext$btxt$2rdacontent
=337  \\$aunmediated$bn$2rdamedia
=338  \\$avolume$bnc$2rdacarrier
=500  \\$aTitle on spreadsheet: "A Calendar of Rochambeau Papers"
=590  \\$aHorward Collection$9LOCAL
=700  1\$aMonti
=936  1\$aHorward, Donald D.,$edonor$9LOCAL

