=LDR  00738nam a2200181Mi 4500
=008  \\\\\\s1989\\\\xx\\\\\\\\\\\\000\0\\\\\d
=040  \\$aFDA$beng$cFDA
=035  \\$a(FSUSCA)Horward_Row_2_Section_11_1930
=245  00$aCalvary Maiden, Journals of a Russian Officer in the Napoleonic Wars /$cMary Fleming Zirin
=264  \1$a[Place of publication not identified] :$bIndiana University Press,$c1989
=300  \\$avolume
=336  \\$atext$btxt$2rdacontent
=337  \\$aunmediated$bn$2rdamedia
=338  \\$avolume$bnc$2rdacarrier
=500  \\$aTitle on spreadsheet: "The Calvary Maiden: Journals of a Russian Officer in the Napoleonic Wars"
=590  \\$aHorward Collection$9LOCAL
=700  1\$aZirin, Mary Fleming
=936  1\$aHorward, Donald D.,$edonor$9LOCAL

