=LDR  00856nam a2200217Mi 4500
=008  \\\\\\s1906\\\\xx\\\\\\\\\\\\000\0\\\\\d
=040  \\$aFDA$beng$cFDA
=035  \\$a(FSUSCA)Horward_Row_2_Section_11_2000
=245  00$aCambridge Modern History, Napoleon$nVol. IX /$cA. W. Ward, G. W. Prothero, and Stanley Leathes
=264  \1$a[Place of publication not identified] :$bThe Macmillan Company,$c1906
=300  \\$avolume
=336  \\$atext$btxt$2rdacontent
=337  \\$aunmediated$bn$2rdamedia
=338  \\$avolume$bnc$2rdacarrier
=500  \\$aTitle on spreadsheet: "The Cambridge Modern History: Napoleon, Vol. IX"
=500  \\$aSignificant damage: spine is split down the middle and held by tape.
=590  \\$aHorward Collection$9LOCAL
=700  1\$aWard, A. W.
=700  1\$aProthero, G. W.
=700  1\$aLeathes, Stanley
=936  1\$aHorward, Donald D.,$edonor$9LOCAL

