=LDR  00806nam a2200205Mi 4500
=008  \\\\\\s1969\\\\xx\\\\\\\\\\\\000\0\\\\\d
=040  \\$aFDA$beng$cFDA
=035  \\$a(FSUSCA)Horward_Row_2_Section_11_2001
=245  00$aCambridge Modern History, The French Revolution$nVol. VIII /$cA. W. Ward, G. W. Prothero, and Stanley Leathes
=264  \1$a[Place of publication not identified] :$bCambridge University Press,$c1969
=300  \\$avolume
=336  \\$atext$btxt$2rdacontent
=337  \\$aunmediated$bn$2rdamedia
=338  \\$avolume$bnc$2rdacarrier
=500  \\$aTitle on spreadsheet: "The Cambridge Modern History: The French Revolution, Vol. VIII"
=590  \\$aHorward Collection$9LOCAL
=700  1\$aWard, A. W.
=700  1\$aProthero, G. W.
=700  1\$aLeathes, Stanley
=936  1\$aHorward, Donald D.,$edonor$9LOCAL

