=LDR  00610nam a2200181Mi 4500
=008  \\\\\\s1950\\\\xx\\\\\\\\\\\\000\0\\\\\d
=040  \\$aFDA$beng$cFDA
=035  \\$a(FSUSCA)Horward_Row_2_Section_11_2004
=245  00$aCamille Desmoulins /$cJ. B. Morton
=264  \1$a[Place of publication not identified] :$bWener Laurie,$c1950
=300  \\$avolume
=336  \\$atext$btxt$2rdacontent
=337  \\$aunmediated$bn$2rdamedia
=338  \\$avolume$bnc$2rdacarrier
=500  \\$aTitle on spreadsheet: "Camille Desmoulins"
=590  \\$aHorward Collection$9LOCAL
=700  1\$aMorton, J. B.
=936  1\$aHorward, Donald D.,$edonor$9LOCAL

