=LDR  00613nam a2200181Mi 4500
=008  \\\\\\s1899\\\\xx\\\\\\\\\\\\000\0\\\\\d
=040  \\$aFDA$beng$cFDA
=035  \\$a(FSUSCA)Horward_Row_2_Section_7_1202
=245  00$aCampagne De 1809$nVol 1 /$cSaski
=264  \1$a[Place of publication not identified] :$bLevrault and Library Editors,$c1899
=300  \\$avolume
=336  \\$atext$btxt$2rdacontent
=337  \\$aunmediated$bn$2rdamedia
=338  \\$avolume$bnc$2rdacarrier
=500  \\$aTitle on spreadsheet: "Campagne De 1809"
=590  \\$aHorward Collection$9LOCAL
=700  1\$aSaski
=936  1\$aHorward, Donald D.,$edonor$9LOCAL

