=LDR  00618nam a2200193Mi 4500
=008  \\\\\\s1858\\\\xx\\\\\\\\\\\\000\0\\\\\d
=040  \\$aFDA$beng$cFDA
=035  \\$a(FSUSCA)Horward_Row_2_Section_6_924
=245  00$aCampagne de 1815 /$cCharras
=250  \\$a5th edition
=264  \1$a[Place of publication not identified] :$bBruxelles,$c1858
=300  \\$avolume
=336  \\$atext$btxt$2rdacontent
=337  \\$aunmediated$bn$2rdamedia
=338  \\$avolume$bnc$2rdacarrier
=500  \\$aTitle on spreadsheet: "Campagne de 1815"
=590  \\$aHorward Collection$9LOCAL
=700  1\$aCharras
=936  1\$aHorward, Donald D.,$edonor$9LOCAL

