=LDR  00802nam a2200193Mi 4500
=008  \\\\\\suuuu\\\\xx\\\\\\\\\\\\000\0\\\\\d
=040  \\$aFDA$beng$cFDA
=035  \\$a(FSUSCA)Horward_Row_2_Section_3_451
=245  00$aCampagne et Defection Du Corps Prussien de la Grande Armee /$cColonel Brevete Vermeil de Conchard
=264  \1$a[Place of publication not identified] :$bHenri Charles-Lavauzelle,$c[date of publication not identified]
=300  \\$avolume
=336  \\$atext$btxt$2rdacontent
=337  \\$aunmediated$bn$2rdamedia
=338  \\$avolume$bnc$2rdacarrier
=500  \\$aTitle on spreadsheet: "Campagne et Defection Du Corps Prussien de la Grande Armee"
=500  \\$aCustom binding.
=590  \\$aHorward Collection$9LOCAL
=700  1\$aVermeil de Conchard, Brevete
=936  1\$aHorward, Donald D.,$edonor$9LOCAL

