=LDR  00689nam a2200181Mi 4500
=008  \\\\\\s1976\\\\xx\\\\\\\\\\\\000\0\\\\\d
=040  \\$aFDA$beng$cFDA
=035  \\$a(FSUSCA)Horward_Row_2_Section_9_1494
=245  00$aCampaign Atlas Wars of Napoleon /$cUnited States Military Academy
=264  \1$a[Place of publication not identified] :$bUnited States Military Academy,$c1976
=300  \\$avolume
=336  \\$atext$btxt$2rdacontent
=337  \\$aunmediated$bn$2rdamedia
=338  \\$avolume$bnc$2rdacarrier
=500  \\$aTitle on spreadsheet: "Campaign Atlas Wars of Napoleon "
=590  \\$aHorward Collection$9LOCAL
=710  2\$aUnited States Military Academy
=936  1\$aHorward, Donald D.,$edonor$9LOCAL

