=LDR  00701nam a2200181Mi 4500
=008  \\\\\\s1993\\\\xx\\\\\\\\\\\\000\0\\\\\d
=040  \\$aFDA$beng$cFDA
=035  \\$a(FSUSCA)Horward_Row_2_Section_6_903
=245  00$aCampaigning With the Duke of Wellington and Featherstone /$cDonald Featherstone
=264  \1$a[Place of publication not identified] :$bEmperor's Press,$c1993
=300  \\$avolume
=336  \\$atext$btxt$2rdacontent
=337  \\$aunmediated$bn$2rdamedia
=338  \\$avolume$bnc$2rdacarrier
=500  \\$aTitle on spreadsheet: "Campaigning With the Duke of Wellington and Featherstone"
=590  \\$aHorward Collection$9LOCAL
=700  1\$aFeatherstone, Donald
=936  1\$aHorward, Donald D.,$edonor$9LOCAL

