=LDR  00673nam a2200181Mi 4500
=008  \\\\\\s1908\\\\xx\\\\\\\\\\\\000\0\\\\\d
=040  \\$aFDA$beng$cFDA
=035  \\$a(FSUSCA)Horward_Row_2_Section_2_188
=245  00$aCampaign of 1815 Chiefly in Flanders /$cLieut. - Col. W.H. James
=264  \1$a[Place of publication not identified] :$bWilliam Blackwood and Sons,$c1908
=300  \\$avolume
=336  \\$atext$btxt$2rdacontent
=337  \\$aunmediated$bn$2rdamedia
=338  \\$avolume$bnc$2rdacarrier
=500  \\$aTitle on spreadsheet: "The Campaign of 1815 Chiefly in Flanders "
=590  \\$aHorward Collection$9LOCAL
=700  1\$aJames, W.H.
=936  1\$aHorward, Donald D.,$edonor$9LOCAL

