=LDR  00637nam a2200181Mi 4500
=008  \\\\\\s1892\\\\xx\\\\\\\\\\\\000\0\\\\\d
=040  \\$aFDA$beng$cFDA
=035  \\$a(FSUSCA)Horward_Row_2_Section_4_636
=245  00$aCampaign of Waterloo /$cJohn Codman Ropes
=264  \1$a[Place of publication not identified] :$bCharles Scribner's Sons,$c1892
=300  \\$avolume
=336  \\$atext$btxt$2rdacontent
=337  \\$aunmediated$bn$2rdamedia
=338  \\$avolume$bnc$2rdacarrier
=500  \\$aTitle on spreadsheet: "The Campaign of Waterloo"
=590  \\$aHorward Collection$9LOCAL
=700  1\$aRopes, John Codman
=936  1\$aHorward, Donald D.,$edonor$9LOCAL

