=LDR  00660nam a2200193Mi 4500
=008  \\\\\\s1966\\\\xx\\\\\\\\\\\\000\0\\\\\d
=040  \\$aFDA$beng$cFDA
=035  \\$a(FSUSCA)Horward_Row_2_Section_7_1212
=245  00$aCampaigns of Napoleon /$cDavid Chandler
=264  \1$a[Place of publication not identified] :$bMacmillan Publishing,$c1966
=300  \\$avolume
=336  \\$atext$btxt$2rdacontent
=337  \\$aunmediated$bn$2rdamedia
=338  \\$avolume$bnc$2rdacarrier
=500  \\$aTitle on spreadsheet: "The Campaigns of Napoleon"
=500  \\$aAutographed.
=590  \\$aHorward Collection$9LOCAL
=700  1\$aChandler, David
=936  1\$aHorward, Donald D.,$edonor$9LOCAL

