=LDR  00618nam a2200181Mi 4500
=008  \\\\\\s1972\\\\xx\\\\\\\\\\\\000\0\\\\\d
=040  \\$aFDA$beng$cFDA
=035  \\$a(FSUSCA)Horward_Row_2_Section_6_1073
=245  00$aCannaught Rangers /$cAlan Shepperd
=264  \1$a[Place of publication not identified] :$bOsprey Publishing,$c1972
=300  \\$avolume
=336  \\$atext$btxt$2rdacontent
=337  \\$aunmediated$bn$2rdamedia
=338  \\$avolume$bnc$2rdacarrier
=500  \\$aTitle on spreadsheet: "The Cannaught Rangers"
=590  \\$aHorward Collection$9LOCAL
=700  1\$aShepperd, Alan
=936  1\$aHorward, Donald D.,$edonor$9LOCAL

