=LDR  00675nam a2200181Mi 4500
=008  \\\\\\s1935\\\\xx\\\\\\\\\\\\000\0\\\\\d
=040  \\$aFDA$beng$cFDA
=035  \\$a(FSUSCA)Horward_Row_2_Section_1_88
=245  00$aCarl Johan I den Stora Koalitionen mot Napoleon /$cHojer, Torvald T:son
=264  \1$a[Place of publication not identified] :$bUppsala,$c1935
=300  \\$avolume
=336  \\$atext$btxt$2rdacontent
=337  \\$aunmediated$bn$2rdamedia
=338  \\$avolume$bnc$2rdacarrier
=500  \\$aTitle on spreadsheet: "Carl Johan I den Stora Koalitionen mot Napoleon"
=590  \\$aHorward Collection$9LOCAL
=700  1\$aHojer, Torvald T:son
=936  1\$aHorward, Donald D.,$edonor$9LOCAL

