=LDR  00703nam a2200181Mi 4500
=008  \\\\\\s1960\\\\xx\\\\\\\\\\\\000\0\\\\\d
=040  \\$aFDA$beng$cFDA
=035  \\$a(FSUSCA)Horward_Row_2_Section_11_1968
=245  00$aCarnet de Route D'Un Grognard De La Revolution et de L'Empire /$cAntoine Dufournet
=264  \1$a[Place of publication not identified] :$bClavreuil,$c1960
=300  \\$avolume
=336  \\$atext$btxt$2rdacontent
=337  \\$aunmediated$bn$2rdamedia
=338  \\$avolume$bnc$2rdacarrier
=500  \\$aTitle on spreadsheet: "Carnet de Route D'Un Grognard De La Revolution et de L'Empire"
=590  \\$aHorward Collection$9LOCAL
=700  1\$aDufournet, Antoine
=936  1\$aHorward, Donald D.,$edonor$9LOCAL

