=LDR  00586nam a2200181Mi 4500
=008  \\\\\\s1954\\\\xx\\\\\\\\\\\\000\0\\\\\d
=040  \\$aFDA$beng$cFDA
=035  \\$a(FSUSCA)Horward_Row_2_Section_1_166
=245  00$aCarnot /$cWatson, S.J.
=264  \1$a[Place of publication not identified] :$bThe Bodley Head,$c1954
=300  \\$avolume
=336  \\$atext$btxt$2rdacontent
=337  \\$aunmediated$bn$2rdamedia
=338  \\$avolume$bnc$2rdacarrier
=500  \\$aTitle on spreadsheet: "Carnot"
=590  \\$aHorward Collection$9LOCAL
=700  1\$aWatson, S.J.
=936  1\$aHorward, Donald D.,$edonor$9LOCAL

