=LDR  00649nam a2200193Mi 4500
=008  \\\\\\s2006\\\\xx\\\\\\\\\\\\000\0\\\\\d
=040  \\$aFDA$beng$cFDA
=035  \\$a(FSUSCA)Horward_Row_2_Section_7_1252
=245  00$aCarrier Battles /$cDouglas V. Smith
=264  \1$a[Place of publication not identified] :$bNaval Institute Press,$c2006
=300  \\$avolume
=336  \\$atext$btxt$2rdacontent
=337  \\$aunmediated$bn$2rdamedia
=338  \\$avolume$bnc$2rdacarrier
=500  \\$aTitle on spreadsheet: "Carrier Battles"
=500  \\$aAutographed.
=590  \\$aHorward Collection$9LOCAL
=700  1\$aSmith, Douglas V.
=936  1\$aHorward, Donald D.,$edonor$9LOCAL

