=LDR  00680nam a2200181Mi 4500
=008  \\\\\\s1908\\\\xx\\\\\\\\\\\\000\0\\\\\d
=040  \\$aFDA$beng$cFDA
=035  \\$a(FSUSCA)Horward_Row_4_Section_7_2508
=245  00$aCasa Dos Fantasmas$nVol. I /$cLuiz Augusto Rebello da Silva
=264  \1$a[Place of publication not identified] :$bEmpreza da Historia de Portugal,$c1908
=300  \\$avolume
=336  \\$atext$btxt$2rdacontent
=337  \\$aunmediated$bn$2rdamedia
=338  \\$avolume$bnc$2rdacarrier
=500  \\$aTitle on spreadsheet: "A Casa Dos Fantasmas, Vol. I"
=590  \\$aHorward Collection$9LOCAL
=700  1\$aRebello da Silva, Luiz Augusto
=936  1\$aHorward, Donald D.,$edonor$9LOCAL

