=LDR  00596nam a2200181Mi 4500
=008  \\\\\\s1966\\\\xx\\\\\\\\\\\\000\0\\\\\d
=040  \\$aFDA$beng$cFDA
=035  \\$a(FSUSCA)Horward_Row_2_Section_9_1573
=245  00$aCastlereagh /$cC. J. Bartlett
=264  \1$a[Place of publication not identified] :$bScribners,$c1966
=300  \\$avolume
=336  \\$atext$btxt$2rdacontent
=337  \\$aunmediated$bn$2rdamedia
=338  \\$avolume$bnc$2rdacarrier
=500  \\$aTitle on spreadsheet: "Castlereagh"
=590  \\$aHorward Collection$9LOCAL
=700  1\$aBartlett, C. J.
=936  1\$aHorward, Donald D.,$edonor$9LOCAL

