=LDR  00666nam a2200181Mi 4500
=008  \\\\\\s1993\\\\xx\\\\\\\\\\\\000\0\\\\\d
=040  \\$aFDA$beng$cFDA
=035  \\$a(FSUSCA)Horward_Row_2_Section_7_1247
=245  00$aCertain Victory, The US Army in the Gulf War /$cRobert H. Scales
=264  \1$a[Place of publication not identified] :$bU.S. Army,$c1993
=300  \\$avolume
=336  \\$atext$btxt$2rdacontent
=337  \\$aunmediated$bn$2rdamedia
=338  \\$avolume$bnc$2rdacarrier
=500  \\$aTitle on spreadsheet: "Certain Victory: The US Army in the Gulf War"
=590  \\$aHorward Collection$9LOCAL
=700  1\$aScales, Robert H.
=936  1\$aHorward, Donald D.,$edonor$9LOCAL

