=LDR  00725nam a2200193Mi 4500
=008  \\\\\\suuuu\\\\xx\\\\\\\\\\\\000\0\\\\\d
=040  \\$aFDA$beng$cFDA
=035  \\$a(FSUSCA)Horward_Row_2_Section_3_418
=245  00$aCeuvres Inedites du Comte Rostoptchine /$cJean de Bonnefon
=264  \1$a[Place of publication not identified] :$bE. Dentu, Editeur,$c[date of publication not identified]
=300  \\$avolume
=336  \\$atext$btxt$2rdacontent
=337  \\$aunmediated$bn$2rdamedia
=338  \\$avolume$bnc$2rdacarrier
=500  \\$aTitle on spreadsheet: "Ceuvres Inedites du Comte Rostoptchine"
=500  \\$aCustom binding.
=590  \\$aHorward Collection$9LOCAL
=700  1\$ade Bonnefon, Jean
=936  1\$aHorward, Donald D.,$edonor$9LOCAL

