=LDR  00649nam a2200181Mi 4500
=008  \\\\\\s1832\\\\xx\\\\\\\\\\\\000\0\\\\\d
=040  \\$aFDA$beng$cFDA
=035  \\$a(FSUSCA)Horward_Row_2_Section_1_155
=245  00$aChronique de Cinquante Jours /$cRoederer, P.L.
=264  \1$a[Place of publication not identified] :$bL'Imprimerie de la Chevardiere,$c1832
=300  \\$avolume
=336  \\$atext$btxt$2rdacontent
=337  \\$aunmediated$bn$2rdamedia
=338  \\$avolume$bnc$2rdacarrier
=500  \\$aTitle on spreadsheet: "Chronique de Cinquante Jours"
=590  \\$aHorward Collection$9LOCAL
=700  1\$aRoederer, P.L.
=936  1\$aHorward, Donald D.,$edonor$9LOCAL

