=LDR  00662nam a2200193Mi 4500
=008  \\\\\\s1797\\\\xx\\\\\\\\\\\\000\0\\\\\d
=040  \\$aFDA$beng$cFDA
=035  \\$a(FSUSCA)Horward_Row_2_Section_5_854
=245  00$aChronologist of the Present War
=250  \\$a2nd edition
=264  \1$a[Place of publication not identified] :$bG.G. and J. Robinson,$c1797
=300  \\$avolume
=336  \\$atext$btxt$2rdacontent
=337  \\$aunmediated$bn$2rdamedia
=338  \\$avolume$bnc$2rdacarrier
=500  \\$aTitle on spreadsheet: "The Chronologist of the Present War"
=500  \\$aCustom binding.
=590  \\$aHorward Collection$9LOCAL
=936  1\$aHorward, Donald D.,$edonor$9LOCAL

