=LDR  00670nam a2200181Mi 4500
=008  \\\\\\s1999\\\\xx\\\\\\\\\\\\000\0\\\\\d
=040  \\$aFDA$beng$cFDA
=035  \\$a(FSUSCA)Horward_Row_2_Section_12_2060
=245  00$aCity Under Siege, Mantua in 1796-1797 /$cPhilip R. Cuccia
=264  \1$a[Place of publication not identified] :$bFlorida State University,$c1999
=300  \\$avolume
=336  \\$atext$btxt$2rdacontent
=337  \\$aunmediated$bn$2rdamedia
=338  \\$avolume$bnc$2rdacarrier
=500  \\$aTitle on spreadsheet: "A City Under Siege: Mantua in 1796-1797"
=590  \\$aHorward Collection$9LOCAL
=700  1\$aCuccia, Philip R.
=936  1\$aHorward, Donald D.,$edonor$9LOCAL

