=LDR  00698nam a2200181Mi 4500
=008  \\\\\\s1982\\\\xx\\\\\\\\\\\\000\0\\\\\d
=040  \\$aFDA$beng$cFDA
=035  \\$a(FSUSCA)Horward_Row_4_Section_8_2559
=245  00$aCiudad Rodrigo, la Catedral and la Ciudad$nVol 2 /$cMateo Hernandez Vegas
=264  \1$a[Place of publication not identified] :$bSalmantina Commercial Printing,$c1982
=300  \\$avolume
=336  \\$atext$btxt$2rdacontent
=337  \\$aunmediated$bn$2rdamedia
=338  \\$avolume$bnc$2rdacarrier
=500  \\$aTitle on spreadsheet: "Ciudad Rodrigo: la Catedral and la Ciudad"
=590  \\$aHorward Collection$9LOCAL
=700  1\$aVegas, Mateo Hernandez
=936  1\$aHorward, Donald D.,$edonor$9LOCAL

