=LDR  00729nam a2200193Mi 4500
=008  \\\\\\s1988\\\\xx\\\\\\\\\\\\000\0\\\\\d
=040  \\$aFDA$beng$cFDA
=035  \\$a(FSUSCA)Horward_Row_2_Section_10_1789
=245  00$aCiudad Rodrigo en la Guerra de la Independencia /$cEmilio Becerra and Fernando Redondo
=264  \1$a[Place of publication not identified] :$bJulian Sanchez,$c1988
=300  \\$avolume
=336  \\$atext$btxt$2rdacontent
=337  \\$aunmediated$bn$2rdamedia
=338  \\$avolume$bnc$2rdacarrier
=500  \\$aTitle on spreadsheet: "Ciudad Rodrigo en la Guerra de la Independencia"
=590  \\$aHorward Collection$9LOCAL
=700  1\$aBecerra, Emilio
=700  1\$aRedondo, Fernando
=936  1\$aHorward, Donald D.,$edonor$9LOCAL

