=LDR  01048nam a2200205Mi 4500
=008  \\\\\\s1860\\\\xx\\\\\\\\\\\\000\0\\\\\d
=040  \\$aFDA$beng$cFDA
=035  \\$a(FSUSCA)Horward_Row_2_Section_3_467
=245  00$aCivil Correspondence and Memoranda of Field Marshal Arthur Duke of Wellington, K.G. (Denmark, Mexico, and Portugal, 1807-1810) Vol. VI$nVol. VI /$cThe Duke of Wellington, K.G.
=264  \1$a[Place of publication not identified] :$bJohn Murray,$c1860
=300  \\$avolume
=336  \\$atext$btxt$2rdacontent
=337  \\$aunmediated$bn$2rdamedia
=338  \\$avolume$bnc$2rdacarrier
=500  \\$aTitle on spreadsheet: "Civil Correspondence and Memoranda of Field Marshal Arthur Duke of Wellington, K.G. (Denmark, Mexico, and Portugal: 1807-1810) Vol. VI"
=500  \\$aCustom binding.
=500  \\$aCivil Correspondence and Memoranda of Field Marshal Arthur Duke of Wellington, K.G. (Denmark, Mexico, and Portugal: 1807-1810)
=590  \\$aHorward Collection$9LOCAL
=700  1\$aThe Duke of Wellington
=936  1\$aHorward, Donald D.,$edonor$9LOCAL

