=LDR  00799nam a2200181Mi 4500
=008  \\\\\\s1999\\\\xx\\\\\\\\\\\\000\0\\\\\d
=040  \\$aFDA$beng$cFDA
=035  \\$a(FSUSCA)Horward_Row_4_Section_6_2280
=245  00$aClaude Petiet, Ministre de la Guerre Intendant Genera de la Grande Armee et ses fils Alexandre, Auguste et Sylvain /$cNicole Gotteri
=264  \1$a[Place of publication not identified] :$bS.P.M.,$c1999
=300  \\$avolume
=336  \\$atext$btxt$2rdacontent
=337  \\$aunmediated$bn$2rdamedia
=338  \\$avolume$bnc$2rdacarrier
=500  \\$aTitle on spreadsheet: "Claude Petiet: Ministre de la Guerre Intendant Genera de la Grande Armee et ses fils Alexandre, Auguste et Sylvain"
=590  \\$aHorward Collection$9LOCAL
=700  1\$aGotteri, Nicole
=936  1\$aHorward, Donald D.,$edonor$9LOCAL

