=LDR  00791nam a2200205Mi 4500
=008  \\\\\\s1989\\\\xx\\\\\\\\\\\\000\0\\\\\d
=040  \\$aFDA$beng$cFDA
=035  \\$a(FSUSCA)Horward_Row_4_Section_6_2183
=245  00$aClaudius Crozet, French Engineer in America, 1790-1864 /$cRobert F. Hunter and Edwin L. Dooley, Jr.
=264  \1$a[Place of publication not identified] :$bUniversity Press of Virginia,$c1989
=300  \\$avolume
=336  \\$atext$btxt$2rdacontent
=337  \\$aunmediated$bn$2rdamedia
=338  \\$avolume$bnc$2rdacarrier
=500  \\$aTitle on spreadsheet: "Claudius Crozet: French Engineer in America, 1790-1864"
=500  \\$aSigned.
=590  \\$aHorward Collection$9LOCAL
=700  1\$aHunter, Robert F.
=700  1\$aDooley, Edwin L. Jr.
=936  1\$aHorward, Donald D.,$edonor$9LOCAL

