=LDR  00606nam a2200181Mi 4500
=008  \\\\\\s1970\\\\xx\\\\\\\\\\\\000\0\\\\\d
=040  \\$aFDA$beng$cFDA
=035  \\$a(FSUSCA)Horward_Row_2_Section_11_1961
=245  00$aClausewitz /$cRoger Parkinson
=264  \1$a[Place of publication not identified] :$bWayland Publishers,$c1970
=300  \\$avolume
=336  \\$atext$btxt$2rdacontent
=337  \\$aunmediated$bn$2rdamedia
=338  \\$avolume$bnc$2rdacarrier
=500  \\$aTitle on spreadsheet: "Clausewitz"
=590  \\$aHorward Collection$9LOCAL
=700  1\$aParkinson, Roger
=936  1\$aHorward, Donald D.,$edonor$9LOCAL

