=LDR  00693nam a2200193Mi 4500
=008  \\\\\\s1814\\\\xx\\\\\\\\\\\\000\0\\\\\d
=040  \\$aFDA$beng$cFDA
=035  \\$a(FSUSCA)Horward_Row_4_Section_6_2256
=245  00$aColleccao das Ordens do Dia (1814) /$cGuilherme Carr Beresford
=264  \1$a[Place of publication not identified] :$bLisboa,$c[1814]
=300  \\$avolume
=336  \\$atext$btxt$2rdacontent
=337  \\$aunmediated$bn$2rdamedia
=338  \\$avolume$bnc$2rdacarrier
=500  \\$aTitle on spreadsheet: "Colleccao das Ordens do Dia (1814)"
=500  \\$aCustom binding.
=590  \\$aHorward Collection$9LOCAL
=700  1\$aBeresford, Guilherme Carr
=936  1\$aHorward, Donald D.,$edonor$9LOCAL

