=LDR  00704nam a2200193Mi 4500
=008  \\\\\\s1968\\\\xx\\\\\\\\\\\\000\0\\\\\d
=040  \\$aFDA$beng$cFDA
=035  \\$a(FSUSCA)Horward_Row_2_Section_8_1285
=245  00$aColumbia Encyclopedia /$cEdited by William Bridgwater and Seymour Kurtz
=264  \1$a[Place of publication not identified] :$bColumbia University Press,$c1968
=300  \\$avolume
=336  \\$atext$btxt$2rdacontent
=337  \\$aunmediated$bn$2rdamedia
=338  \\$avolume$bnc$2rdacarrier
=500  \\$aTitle on spreadsheet: "The Columbia Encyclopedia "
=590  \\$aHorward Collection$9LOCAL
=700  1\$aBridgwater, William
=700  1\$aKurtz, Seymour
=936  1\$aHorward, Donald D.,$edonor$9LOCAL

