=LDR  00706nam a2200181Mi 4500
=008  \\\\\\suuuu\\\\xx\\\\\\\\\\\\000\0\\\\\d
=040  \\$aFDA$beng$cFDA
=035  \\$a(FSUSCA)Horward_Row_4_Section_7_2427
=245  00$aColumn and Line in the Peninsular War /$cC. W. C. Oman
=264  \1$a[Place of publication not identified] :$bHenry Frowde, Oxford University Press,$c[date of publication not identified]
=300  \\$avolume
=336  \\$atext$btxt$2rdacontent
=337  \\$aunmediated$bn$2rdamedia
=338  \\$avolume$bnc$2rdacarrier
=500  \\$aTitle on spreadsheet: "Column and Line in the Peninsular War"
=590  \\$aHorward Collection$9LOCAL
=700  1\$aOman, C. W. C.
=936  1\$aHorward, Donald D.,$edonor$9LOCAL

