=LDR  00677nam a2200193Mi 4500
=008  \\\\\\s1957\\\\xx\\\\\\\\\\\\000\0\\\\\d
=040  \\$aFDA$beng$cFDA
=035  \\$a(FSUSCA)Horward_Row_4_Section_6_2277
=245  00$aComing of the French Revolution /$cGeorges Lefebvre
=264  \1$a[Place of publication not identified] :$bVintage Books,$c1957
=300  \\$avolume
=336  \\$atext$btxt$2rdacontent
=337  \\$aunmediated$bn$2rdamedia
=338  \\$avolume$bnc$2rdacarrier
=500  \\$aTitle on spreadsheet: "The Coming of the French Revolution"
=500  \\$aLoose pages.
=590  \\$aHorward Collection$9LOCAL
=700  1\$aLefebvre, Georges
=936  1\$aHorward, Donald D.,$edonor$9LOCAL

