=LDR  00725nam a2200193Mi 4500
=008  \\\\\\s1980\\\\xx\\\\\\\\\\\\000\0\\\\\d
=040  \\$aFDA$beng$cFDA
=035  \\$a(FSUSCA)Horward_Row_4_Section_6_2195
=245  00$aCommander, A Life of Barclay de Tolly /$cMichael Josselson and Diana Josselson
=264  \1$a[Place of publication not identified] :$bOxford University Press,$c1980
=300  \\$avolume
=336  \\$atext$btxt$2rdacontent
=337  \\$aunmediated$bn$2rdamedia
=338  \\$avolume$bnc$2rdacarrier
=500  \\$aTitle on spreadsheet: "The Commander: A Life of Barclay de Tolly"
=590  \\$aHorward Collection$9LOCAL
=700  1\$aJosselson, Michael
=700  1\$aJosselson, Diana
=936  1\$aHorward, Donald D.,$edonor$9LOCAL

