=LDR  00676nam a2200193Mi 4500
=008  \\\\\\s1948\\\\xx\\\\\\\\\\\\000\0\\\\\d
=040  \\$aFDA$beng$cFDA
=035  \\$a(FSUSCA)Horward_Row_2_Section_6_948
=245  00$aComment s'est faite la Restauration de 1814 /$cBainville
=264  \1$a[Place of publication not identified] :$bParis,$c1948
=300  \\$avolume
=336  \\$atext$btxt$2rdacontent
=337  \\$aunmediated$bn$2rdamedia
=338  \\$avolume$bnc$2rdacarrier
=500  \\$aTitle on spreadsheet: "Comment s'est faite la Restauration de 1814"
=500  \\$aCustom binding.
=590  \\$aHorward Collection$9LOCAL
=700  1\$aBainville
=936  1\$aHorward, Donald D.,$edonor$9LOCAL

