=LDR  00655nam a2200181Mi 4500
=008  \\\\\\s1988\\\\xx\\\\\\\\\\\\000\0\\\\\d
=040  \\$aFDA$beng$cFDA
=035  \\$a(FSUSCA)Horward_Row_2_Section_11_1829
=245  00$aCompanion to the French Revolution /$cJohn Paxton
=264  \1$a[Place of publication not identified] :$bFacts on File Publications,$c1988
=300  \\$avolume
=336  \\$atext$btxt$2rdacontent
=337  \\$aunmediated$bn$2rdamedia
=338  \\$avolume$bnc$2rdacarrier
=500  \\$aTitle on spreadsheet: "Companion to the French Revolution "
=590  \\$aHorward Collection$9LOCAL
=700  1\$aPaxton, John
=936  1\$aHorward, Donald D.,$edonor$9LOCAL

