=LDR  00904nam a2200193Mi 4500
=008  \\\\\\s1815\\\\xx\\\\\\\\\\\\000\0\\\\\d
=040  \\$aFDA$beng$cFDA
=035  \\$a(FSUSCA)Horward_Row_2_Section_5_852
=245  00$aCompilacao das Ordens do Dia do Quartel General do Exercito Portuguez, Concernentes a Organizacao, Disciplina, e Economia Militares na Campanha de 1810 /$cSegunda Edicao
=264  \1$a[Place of publication not identified] :$bLisboa,$c1815
=300  \\$avolume
=336  \\$atext$btxt$2rdacontent
=337  \\$aunmediated$bn$2rdamedia
=338  \\$avolume$bnc$2rdacarrier
=500  \\$aTitle on spreadsheet: "Compilacao das Ordens do Dia do Quartel General do Exercito Portuguez, Concernentes a Organizacao, Disciplina, e Economia Militares na Campanha de 1810"
=500  \\$aCustom binding.
=590  \\$aHorward Collection$9LOCAL
=700  1\$aEdicao, Segunda
=936  1\$aHorward, Donald D.,$edonor$9LOCAL

