=LDR  00703nam a2200181Mi 4500
=008  \\\\\\s2017\\\\xx\\\\\\\\\\\\000\0\\\\\d
=040  \\$aFDA$beng$cFDA
=035  \\$a(FSUSCA)Horward_Row_2_Section_2_368
=245  00$aConcorde Hotel de Talleyrand George C. Marshall Center /$cdirected by Susan Douglas Tate
=264  \1$a[Place of publication not identified] :$bSusan Tate,$c2017
=300  \\$avolume
=336  \\$atext$btxt$2rdacontent
=337  \\$aunmediated$bn$2rdamedia
=338  \\$avolume$bnc$2rdacarrier
=500  \\$aTitle on spreadsheet: "Concorde Hotel de Talleyrand George C. Marshall Center "
=590  \\$aHorward Collection$9LOCAL
=700  1\$aTate, Susan Douglas
=936  1\$aHorward, Donald D.,$edonor$9LOCAL

