=LDR  00637nam a2200181Mi 4500
=008  \\\\\\s2004\\\\xx\\\\\\\\\\\\000\0\\\\\d
=040  \\$aFDA$beng$cFDA
=035  \\$a(FSUSCA)Horward_Row_2_Section_1_19
=245  00$aCondorcet abd Modernity /$cWilliams, David
=264  \1$a[Place of publication not identified] :$bCambridge University Press,$c2004
=300  \\$avolume
=336  \\$atext$btxt$2rdacontent
=337  \\$aunmediated$bn$2rdamedia
=338  \\$avolume$bnc$2rdacarrier
=500  \\$aTitle on spreadsheet: "Condorcet abd Modernity "
=590  \\$aHorward Collection$9LOCAL
=700  1\$aWilliams, David
=936  1\$aHorward, Donald D.,$edonor$9LOCAL

