=LDR  00655nam a2200181Mi 4500
=008  \\\\\\s1899\\\\xx\\\\\\\\\\\\000\0\\\\\d
=040  \\$aFDA$beng$cFDA
=035  \\$a(FSUSCA)Horward_Row_2_Section_7_1229
=245  00$aConduct of War /$cColmar Freiherr Von Der Goltz
=264  \1$a[Place of publication not identified] :$bPaul, Trench, Trubner and Co,$c1899
=300  \\$avolume
=336  \\$atext$btxt$2rdacontent
=337  \\$aunmediated$bn$2rdamedia
=338  \\$avolume$bnc$2rdacarrier
=500  \\$aTitle on spreadsheet: "The Conduct of War"
=590  \\$aHorward Collection$9LOCAL
=700  1\$aFreiherr Von Der Goltz, Colmar
=936  1\$aHorward, Donald D.,$edonor$9LOCAL

