=LDR  00665nam a2200181Mi 4500
=008  \\\\\\s1968\\\\xx\\\\\\\\\\\\000\0\\\\\d
=040  \\$aFDA$beng$cFDA
=035  \\$a(FSUSCA)Horward_Row_4_Section_7_2456
=245  00$aCongress of Vienna, An Eyewitness Account /$cHilde Spiel
=264  \1$a[Place of publication not identified] :$bChilton Book Company,$c1968
=300  \\$avolume
=336  \\$atext$btxt$2rdacontent
=337  \\$aunmediated$bn$2rdamedia
=338  \\$avolume$bnc$2rdacarrier
=500  \\$aTitle on spreadsheet: "The Congress of Vienna: An Eyewitness Account"
=590  \\$aHorward Collection$9LOCAL
=700  1\$aSpiel, Hilde
=936  1\$aHorward, Donald D.,$edonor$9LOCAL

