=LDR  00725nam a2200193Mi 4500
=008  \\\\\\s1823\\\\xx\\\\\\\\\\\\000\0\\\\\d
=040  \\$aFDA$beng$cFDA
=035  \\$a(FSUSCA)Horward_Row_2_Section_3_538
=245  00$aConquete De L'andalouise, Campagne de 1810-1811 /$cEdouard Lapene
=264  \1$a[Place of publication not identified] :$bChez Anselin et Pochard,$c1823
=300  \\$avolume
=336  \\$atext$btxt$2rdacontent
=337  \\$aunmediated$bn$2rdamedia
=338  \\$avolume$bnc$2rdacarrier
=500  \\$aTitle on spreadsheet: "Conquete De L'andalouise, Campagne de 1810-1811"
=500  \\$aMay contain custom binding.
=590  \\$aHorward Collection$9LOCAL
=700  1\$aLapene, Edouard
=936  1\$aHorward, Donald D.,$edonor$9LOCAL

