=LDR  00861nam a2200217Mi 4500
=008  \\\\\\s2009\\\\xx\\\\\\\\\\\\000\0\\\\\d
=040  \\$aFDA$beng$cFDA
=035  \\$a(FSUSCA)Horward_Row_4_Section_7_2482
=245  00$aConscription in the Napoleonic Era, A Revolution in Military Affairs? /$cDonald Stoker, Frederick Schneid, and Harold D. Blanton
=264  \1$a[Place of publication not identified] :$bTaylor and Francis Group,$c2009
=300  \\$avolume
=336  \\$atext$btxt$2rdacontent
=337  \\$aunmediated$bn$2rdamedia
=338  \\$avolume$bnc$2rdacarrier
=500  \\$aTitle on spreadsheet: "Conscription in the Napoleonic Era: A Revolution in Military Affairs?"
=500  \\$aSigned.
=590  \\$aHorward Collection$9LOCAL
=700  1\$aStoker, Donald
=700  1\$aSchneid, Frederick
=700  1\$aBlanton, Harold D.
=936  1\$aHorward, Donald D.,$edonor$9LOCAL

