=LDR  00721nam a2200193Mi 4500
=008  \\\\\\s2001\\\\xx\\\\\\\\\\\\000\0\\\\\d
=040  \\$aFDA$beng$cFDA
=035  \\$a(FSUSCA)Horward_Row_2_Section_7_1258
=245  00$aConseiller De Cinq Empereurs Pere de la Pensee Strategique Americaine /$cJomini
=264  \1$a[Place of publication not identified] :$bJomini,$c2001
=300  \\$avolume
=336  \\$atext$btxt$2rdacontent
=337  \\$aunmediated$bn$2rdamedia
=338  \\$avolume$bnc$2rdacarrier
=500  \\$aTitle on spreadsheet: "Conseiller De Cinq Empereurs Pere de la Pensee Strategique Americaine"
=500  \\$aAutographed.
=590  \\$aHorward Collection$9LOCAL
=700  1\$aJomini
=936  1\$aHorward, Donald D.,$edonor$9LOCAL

