=LDR  00692nam a2200181Mi 4500
=008  \\\\\\s1979\\\\xx\\\\\\\\\\\\000\0\\\\\d
=040  \\$aFDA$beng$cFDA
=035  \\$a(FSUSCA)Horward_Row_2_Section_9_1644
=245  00$aConsortium on Revolutionary Europe Proceedings 1978 /$cConnelly
=264  \1$a[Place of publication not identified] :$bConsortium on Revolutionary Europe,$c1979
=300  \\$avolume
=336  \\$atext$btxt$2rdacontent
=337  \\$aunmediated$bn$2rdamedia
=338  \\$avolume$bnc$2rdacarrier
=500  \\$aTitle on spreadsheet: "The Consortium on Revolutionary Europe Proceedings 1978"
=590  \\$aHorward Collection$9LOCAL
=700  1\$aConnelly
=936  1\$aHorward, Donald D.,$edonor$9LOCAL

