=LDR  00762nam a2200205Mi 4500
=008  \\\\\\s1986\\\\xx\\\\\\\\\\\\000\0\\\\\d
=040  \\$aFDA$beng$cFDA
=035  \\$a(FSUSCA)Horward_Row_2_Section_9_1655
=245  00$aConsortium on Revolutionary Europe Proceedings 1984 /$cH. Parker, L. Parker, Reddy
=264  \1$a[Place of publication not identified] :$bConsortium on Revolutionary Europe,$c1986
=300  \\$avolume
=336  \\$atext$btxt$2rdacontent
=337  \\$aunmediated$bn$2rdamedia
=338  \\$avolume$bnc$2rdacarrier
=500  \\$aTitle on spreadsheet: "The Consortium on Revolutionary Europe Proceedings 1984"
=590  \\$aHorward Collection$9LOCAL
=700  1\$aParker, H.
=700  1\$aParker, L.
=700  1\$aReddy
=936  1\$aHorward, Donald D.,$edonor$9LOCAL

