=LDR  00660nam a2200193Mi 4500
=008  \\\\\\s1962\\\\xx\\\\\\\\\\\\000\0\\\\\d
=040  \\$aFDA$beng$cFDA
=035  \\$a(FSUSCA)Horward_Row_4_Section_8_2660
=245  00$aConspirateurs au temps de Napoleon /$cGaubert
=264  \1$a[Place of publication not identified] :$bFlammarion,$c1962
=300  \\$avolume
=336  \\$atext$btxt$2rdacontent
=337  \\$aunmediated$bn$2rdamedia
=338  \\$avolume$bnc$2rdacarrier
=500  \\$aTitle on spreadsheet: "Conspirateurs au temps de Napoleon"
=500  \\$aCustom binding.
=590  \\$aHorward Collection$9LOCAL
=700  1\$aGaubert
=936  1\$aHorward, Donald D.,$edonor$9LOCAL

