=LDR  00700nam a2200181Mi 4500
=008  \\\\\\s1987\\\\xx\\\\\\\\\\\\000\0\\\\\d
=040  \\$aFDA$beng$cFDA
=035  \\$a(FSUSCA)Horward_Row_2_Section_7_1248
=245  00$aConstruction of Revolutionary Europe Proceedings 1987 /$cConsortium
=264  \1$a[Place of publication not identified] :$bUniversity of Georgia Dept History,$c1987
=300  \\$avolume
=336  \\$atext$btxt$2rdacontent
=337  \\$aunmediated$bn$2rdamedia
=338  \\$avolume$bnc$2rdacarrier
=500  \\$aTitle on spreadsheet: "The Construction of Revolutionary Europe Proceedings 1987"
=590  \\$aHorward Collection$9LOCAL
=710  2\$aConsortium
=936  1\$aHorward, Donald D.,$edonor$9LOCAL

