=LDR  00680nam a2200193Mi 4500
=008  \\\\\\s1914\\\\xx\\\\\\\\\\\\000\0\\\\\d
=040  \\$aFDA$beng$cFDA
=035  \\$a(FSUSCA)Horward_Row_2_Section_10_1695
=245  00$aContemporary English View of Napoleon /$cF. J. Maccunn
=264  \1$a[Place of publication not identified] :$bG. Bell and Sons,$c1914
=300  \\$avolume
=336  \\$atext$btxt$2rdacontent
=337  \\$aunmediated$bn$2rdamedia
=338  \\$avolume$bnc$2rdacarrier
=500  \\$aTitle on spreadsheet: "The Contemporary English View of Napoleon"
=500  \\$aNote.
=590  \\$aHorward Collection$9LOCAL
=700  1\$aMaccunn, F. J.
=936  1\$aHorward, Donald D.,$edonor$9LOCAL

