=LDR  00634nam a2200181Mi 4500
=008  \\\\\\s2004\\\\xx\\\\\\\\\\\\000\0\\\\\d
=040  \\$aFDA$beng$cFDA
=035  \\$a(FSUSCA)Horward_Row_2_Section_5_888
=245  00$aCorrespondance Generale$nVolume 1 /$cNapoleon Bonaparte
=264  \1$a[Place of publication not identified] :$bFayard,$c2004
=300  \\$avolume
=336  \\$atext$btxt$2rdacontent
=337  \\$aunmediated$bn$2rdamedia
=338  \\$avolume$bnc$2rdacarrier
=500  \\$aTitle on spreadsheet: "Correspondance Generale"
=590  \\$aHorward Collection$9LOCAL
=700  1\$aBonaparte, Napoleon
=936  1\$aHorward, Donald D.,$edonor$9LOCAL

