=LDR  00653nam a2200193Mi 4500
=008  \\\\\\s1943\\\\xx\\\\\\\\\\\\000\0\\\\\d
=040  \\$aFDA$beng$cFDA
=035  \\$a(FSUSCA)Horward_Row_2_Section_5_890
=245  00$aCorrespondence de Napoleon /$cMaximilien Vox
=250  \\$a4th edition
=264  \1$a[Place of publication not identified] :$bGallimard,$c1943
=300  \\$avolume
=336  \\$atext$btxt$2rdacontent
=337  \\$aunmediated$bn$2rdamedia
=338  \\$avolume$bnc$2rdacarrier
=500  \\$aTitle on spreadsheet: "Correspondence de Napoleon"
=590  \\$aHorward Collection$9LOCAL
=700  1\$aVox, Maximilien
=936  1\$aHorward, Donald D.,$edonor$9LOCAL

