=LDR  00788nam a2200205Mi 4500
=008  \\\\\\s1910\\\\xx\\\\\\\\\\\\000\0\\\\\d
=040  \\$aFDA$beng$cFDA
=035  \\$a(FSUSCA)Horward_Row_4_Section_8_2573
=245  00$aCorsican A Diary of Napoleon's Life in his Own Words /$cNapoleon Bonaparte (Preface by R.M. Johnston)
=250  \\$aFirst Edition
=264  \1$a[Place of publication not identified] :$bHoughton Mifflin Co,$c1910
=300  \\$avolume
=336  \\$atext$btxt$2rdacontent
=337  \\$aunmediated$bn$2rdamedia
=338  \\$avolume$bnc$2rdacarrier
=500  \\$aTitle on spreadsheet: "The Corsican A Diary of Napoleon's Life in his Own Words"
=590  \\$aHorward Collection$9LOCAL
=700  1\$aBonaparte, Napoleon
=700  1\$aJohnston, R.M.
=936  1\$aHorward, Donald D.,$edonor$9LOCAL

