=LDR  00626nam a2200193Mi 4500
=008  \\\\\\s1972\\\\xx\\\\\\\\\\\\000\0\\\\\d
=040  \\$aFDA$beng$cFDA
=035  \\$a(FSUSCA)Horward_Row_4_Section_7_2535
=245  00$aCorunna /$cChristopher Hibbert
=250  \\$aSecond
=264  \1$a[Place of publication not identified] :$bPan Books Ltd.,$c1972
=300  \\$avolume
=336  \\$atext$btxt$2rdacontent
=337  \\$aunmediated$bn$2rdamedia
=338  \\$avolume$bnc$2rdacarrier
=500  \\$aTitle on spreadsheet: "Corunna"
=590  \\$aHorward Collection$9LOCAL
=700  1\$aHibbert, Christopher
=936  1\$aHorward, Donald D.,$edonor$9LOCAL

