=LDR  00731nam a2200193Mi 4500
=008  \\\\\\s1970\\\\xx\\\\\\\\\\\\000\0\\\\\d
=040  \\$aFDA$beng$cFDA
=035  \\$a(FSUSCA)Horward_Row_2_Section_11_1936
=245  00$aCosmopolitanism and the National State /$cFriedrich Meinecke and Robert B. Kimber
=264  \1$a[Place of publication not identified] :$bPrinceton University Press,$c1970
=300  \\$avolume
=336  \\$atext$btxt$2rdacontent
=337  \\$aunmediated$bn$2rdamedia
=338  \\$avolume$bnc$2rdacarrier
=500  \\$aTitle on spreadsheet: "Cosmopolitanism and the National State"
=590  \\$aHorward Collection$9LOCAL
=700  1\$aMeinecke, Friedrich
=700  1\$aKimber, Robert B.
=936  1\$aHorward, Donald D.,$edonor$9LOCAL

