=LDR  00796nam a2200193Mi 4500
=008  \\\\\\s1992\\\\xx\\\\\\\\\\\\000\0\\\\\d
=040  \\$aFDA$beng$cFDA
=035  \\$a(FSUSCA)Horward_Row_2_Section_11_1857
=245  00$aCounterpoint to Trafalgar, the Anglo-Russian Invasion of Naples, 1805-1806 /$cWilliam Henry Flayhart III
=264  \1$a[Place of publication not identified] :$bUniversity of South Carolina Press,$c1992
=300  \\$avolume
=336  \\$atext$btxt$2rdacontent
=337  \\$aunmediated$bn$2rdamedia
=338  \\$avolume$bnc$2rdacarrier
=500  \\$aTitle on spreadsheet: "Counterpoint to Trafalgar: the Anglo-Russian Invasion of Naples, 1805-1806"
=500  \\$aSigned.
=590  \\$aHorward Collection$9LOCAL
=700  1\$aFlayhart, William Henry III
=936  1\$aHorward, Donald D.,$edonor$9LOCAL

