=LDR  00766nam a2200181Mi 4500
=008  \\\\\\s2004\\\\xx\\\\\\\\\\\\000\0\\\\\d
=040  \\$aFDA$beng$cFDA
=035  \\$a(FSUSCA)Horward_Row_2_Section_11_1826
=245  00$aCounterpoint to Trafalgar, The Anglo-Russian Invasion of Naples 1805-1806 /$cWilliam Henry Flayhart III(3)
=264  \1$a[Place of publication not identified] :$bUniversity Press of Florida,$c2004
=300  \\$avolume
=336  \\$atext$btxt$2rdacontent
=337  \\$aunmediated$bn$2rdamedia
=338  \\$avolume$bnc$2rdacarrier
=500  \\$aTitle on spreadsheet: "Counterpoint to Trafalgar: The Anglo-Russian Invasion of Naples 1805-1806"
=590  \\$aHorward Collection$9LOCAL
=700  1\$aFlayhart, William Henry III
=936  1\$aHorward, Donald D.,$edonor$9LOCAL

