=LDR  00631nam a2200181Mi 4500
=008  \\\\\\s1868\\\\xx\\\\\\\\\\\\000\0\\\\\d
=040  \\$aFDA$beng$cFDA
=035  \\$a(FSUSCA)Horward_Row_4_Section_8_2632
=245  00$aCourt and Camp of Napoleon /$cWilliam Tegg
=264  \1$a[Place of publication not identified] :$bWilliam Clowes,$c1868
=300  \\$avolume
=336  \\$atext$btxt$2rdacontent
=337  \\$aunmediated$bn$2rdamedia
=338  \\$avolume$bnc$2rdacarrier
=500  \\$aTitle on spreadsheet: "The Court and Camp of Napoleon"
=590  \\$aHorward Collection$9LOCAL
=700  1\$aTegg, William
=936  1\$aHorward, Donald D.,$edonor$9LOCAL

