=LDR  00830nam a2200217Mi 4500
=008  \\\\\\s1989\\\\xx\\\\\\\\\\\\000\0\\\\\d
=040  \\$aFDA$beng$cFDA
=035  \\$a(FSUSCA)Horward_Row_2_Section_3_497
=245  00$aCritical Dictionary of the French Revolution /$ced. Francois Furet and Mona Ozuf, trans. Arthur Goldhammer
=264  \1$a[Place of publication not identified] :$bHarvard University Press,$c1989
=300  \\$avolume
=336  \\$atext$btxt$2rdacontent
=337  \\$aunmediated$bn$2rdamedia
=338  \\$avolume$bnc$2rdacarrier
=500  \\$aTitle on spreadsheet: "A Critical Dictionary of the French Revolution"
=500  \\$aNewspaper clipping on page 1.
=590  \\$aHorward Collection$9LOCAL
=700  1\$aFuret, Francois
=700  1\$aOzuf, Mona
=700  1\$aGoldhammer, Arthur
=936  1\$aHorward, Donald D.,$edonor$9LOCAL

