=LDR  00800nam a2200181Mi 4500
=008  \\\\\\s1965\\\\xx\\\\\\\\\\\\000\0\\\\\d
=040  \\$aFDA$beng$cFDA
=035  \\$a(FSUSCA)Horward_Row_2_Section_8_1298
=245  00$aCult of Antiquity and the French Revolutionaries, A Study in the Development of the Revolutionary Spirit /$cHarold T. Parker
=264  \1$a[Place of publication not identified] :$bOctagon Books, Inc.,$c1965
=300  \\$avolume
=336  \\$atext$btxt$2rdacontent
=337  \\$aunmediated$bn$2rdamedia
=338  \\$avolume$bnc$2rdacarrier
=500  \\$aTitle on spreadsheet: "The Cult of Antiquity and the French Revolutionaries: A Study in the Development of the Revolutionary Spirit"
=590  \\$aHorward Collection$9LOCAL
=700  1\$aParker, Harold T.
=936  1\$aHorward, Donald D.,$edonor$9LOCAL

