=LDR  00630nam a2200181Mi 4500
=008  \\\\\\s2001\\\\xx\\\\\\\\\\\\000\0\\\\\d
=040  \\$aFDA$beng$cFDA
=035  \\$a(FSUSCA)Horward_Row_4_Section_5_2102
=245  00$aCult of the Nation of France /$cDavid A. Bell
=264  \1$a[Place of publication not identified] :$bHarvard,$c2001
=300  \\$avolume
=336  \\$atext$btxt$2rdacontent
=337  \\$aunmediated$bn$2rdamedia
=338  \\$avolume$bnc$2rdacarrier
=500  \\$aTitle on spreadsheet: "The Cult of the Nation of France"
=590  \\$aHorward Collection$9LOCAL
=700  1\$aBell, David A.
=936  1\$aHorward, Donald D.,$edonor$9LOCAL

