=LDR  00620nam a2200181Mi 4500
=008  \\\\\\s1985\\\\xx\\\\\\\\\\\\000\0\\\\\d
=040  \\$aFDA$beng$cFDA
=035  \\$a(FSUSCA)Horward_Row_2_Section_9_1561
=245  00$aCurriculum Vitae /$cDomingos Oliveira Silva
=264  \1$a[Place of publication not identified] :$bPorto,$c1985
=300  \\$avolume
=336  \\$atext$btxt$2rdacontent
=337  \\$aunmediated$bn$2rdamedia
=338  \\$avolume$bnc$2rdacarrier
=500  \\$aTitle on spreadsheet: "Curriculum Vitae"
=590  \\$aHorward Collection$9LOCAL
=700  1\$aSilva, Domingos Oliveira
=936  1\$aHorward, Donald D.,$edonor$9LOCAL

