=LDR  00662nam a2200181Mi 4500
=008  \\\\\\s1955\\\\xx\\\\\\\\\\\\000\0\\\\\d
=040  \\$aFDA$beng$cFDA
=035  \\$a(FSUSCA)Horward_Row_2_Section_1_28
=245  00$aCzartoryski and Auropean Unity, 1770-1861 /$cKukiel, M.
=264  \1$a[Place of publication not identified] :$bPrinceton University Press,$c1955
=300  \\$avolume
=336  \\$atext$btxt$2rdacontent
=337  \\$aunmediated$bn$2rdamedia
=338  \\$avolume$bnc$2rdacarrier
=500  \\$aTitle on spreadsheet: "Czartoryski and Auropean Unity, 1770-1861"
=590  \\$aHorward Collection$9LOCAL
=700  1\$aKukiel, M.
=936  1\$aHorward, Donald D.,$edonor$9LOCAL

