=LDR  00656nam a2200181Mi 4500
=008  \\\\\\s1986\\\\xx\\\\\\\\\\\\000\0\\\\\d
=040  \\$aFDA$beng$cFDA
=035  \\$a(FSUSCA)Horward_Row_2_Section_9_1612
=245  00$aD. Julian Sanchez El Charro /$cNicolas Horta Rodriguez
=264  \1$a[Place of publication not identified] :$bPatronato Municipal,$c1986
=300  \\$avolume
=336  \\$atext$btxt$2rdacontent
=337  \\$aunmediated$bn$2rdamedia
=338  \\$avolume$bnc$2rdacarrier
=500  \\$aTitle on spreadsheet: "D. Julian Sanchez El Charro"
=590  \\$aHorward Collection$9LOCAL
=700  1\$aRodriguez, Nicolas Horta
=936  1\$aHorward, Donald D.,$edonor$9LOCAL

