=LDR  00644nam a2200181Mi 4500
=008  \\\\\\s1991\\\\xx\\\\\\\\\\\\000\0\\\\\d
=040  \\$aFDA$beng$cFDA
=035  \\$a(FSUSCA)Horward_Row_2_Section_11_1830
=245  00$aDairy of a Napoleonic Foot Soldier /$cJakob Walter
=264  \1$a[Place of publication not identified] :$bDoubleday,$c1991
=300  \\$avolume
=336  \\$atext$btxt$2rdacontent
=337  \\$aunmediated$bn$2rdamedia
=338  \\$avolume$bnc$2rdacarrier
=500  \\$aTitle on spreadsheet: "The Dairy of a Napoleonic Foot Soldier "
=590  \\$aHorward Collection$9LOCAL
=700  1\$aWalter, Jakob
=936  1\$aHorward, Donald D.,$edonor$9LOCAL

