=LDR  00793nam a2200181Mi 4500
=008  \\\\\\s2001\\\\xx\\\\\\\\\\\\000\0\\\\\d
=040  \\$aFDA$beng$cFDA
=035  \\$a(FSUSCA)Horward_Row_4_Section_5_2120
=245  00$aDamn Sullen Old Scotchman, The Life and Career of Admiral George Keith Elphinstone, Viscount Keith /$cKevin D. McCranie
=264  \1$a[Place of publication not identified] :$bFlorida State University,$c2001
=300  \\$avolume
=336  \\$atext$btxt$2rdacontent
=337  \\$aunmediated$bn$2rdamedia
=338  \\$avolume$bnc$2rdacarrier
=500  \\$aTitle on spreadsheet: "A Damn Sullen Old Scotchman: The Life and Career of Admiral George Keith Elphinstone, Viscount Keith"
=590  \\$aHorward Collection$9LOCAL
=700  1\$aMcCranie, Kevin D.
=936  1\$aHorward, Donald D.,$edonor$9LOCAL

