=LDR  00649nam a2200193Mi 4500
=008  \\\\\\s1921\\\\xx\\\\\\\\\\\\000\0\\\\\d
=040  \\$aFDA$beng$cFDA
=035  \\$a(FSUSCA)Horward_Row_2_Section_8_1423
=245  00$aDanton /$cLouis Madelin (translated by Lady Mary Loyd)
=264  \1$a[Place of publication not identified] :$bAlfred A. Knopf,$c1921
=300  \\$avolume
=336  \\$atext$btxt$2rdacontent
=337  \\$aunmediated$bn$2rdamedia
=338  \\$avolume$bnc$2rdacarrier
=500  \\$aTitle on spreadsheet: "Danton "
=590  \\$aHorward Collection$9LOCAL
=700  1\$aMadelin, Louis
=700  1\$aLoyd, Mary
=936  1\$aHorward, Donald D.,$edonor$9LOCAL

