=LDR  00632nam a2200181Mi 4500
=008  \\\\\\s1964\\\\xx\\\\\\\\\\\\000\0\\\\\d
=040  \\$aFDA$beng$cFDA
=035  \\$a(FSUSCA)Horward_Row_2_Section_11_1911
=245  00$aDanton, A Biography /$cRobert Christophe
=264  \1$a[Place of publication not identified] :$bArthur Parker Limited,$c1964
=300  \\$avolume
=336  \\$atext$btxt$2rdacontent
=337  \\$aunmediated$bn$2rdamedia
=338  \\$avolume$bnc$2rdacarrier
=500  \\$aTitle on spreadsheet: "Danton: A Biography "
=590  \\$aHorward Collection$9LOCAL
=700  1\$aChristophe, Robert
=936  1\$aHorward, Donald D.,$edonor$9LOCAL

