=LDR  00671nam a2200193Mi 4500
=008  \\\\\\s1973\\\\xx\\\\\\\\\\\\000\0\\\\\d
=040  \\$aFDA$beng$cFDA
=035  \\$a(FSUSCA)Horward_Row_2_Section_10_1682
=245  00$aDa Rivoli Al Risorgimento Italiano /$cLuigi Galanti
=264  \1$a[Place of publication not identified] :$bMilano,$c1973
=300  \\$avolume
=336  \\$atext$btxt$2rdacontent
=337  \\$aunmediated$bn$2rdamedia
=338  \\$avolume$bnc$2rdacarrier
=500  \\$aTitle on spreadsheet: "Da Rivoli Al Risorgimento Italiano"
=500  \\$aSigned pamphlet.
=590  \\$aHorward Collection$9LOCAL
=700  1\$aGalanti, Luigi
=936  1\$aHorward, Donald D.,$edonor$9LOCAL

