=LDR  00680nam a2200181Mi 4500
=008  \\\\\\s1860\\\\xx\\\\\\\\\\\\000\0\\\\\d
=040  \\$aFDA$beng$cFDA
=035  \\$a(FSUSCA)Horward_Row_2_Section_1_65
=245  00$aDas Hannoverische Regiment Fussgarde in Jahr 1803 /$cvon Ompteda
=264  \1$a[Place of publication not identified] :$b[publisher not identified],$c1860
=300  \\$avolume
=336  \\$atext$btxt$2rdacontent
=337  \\$aunmediated$bn$2rdamedia
=338  \\$avolume$bnc$2rdacarrier
=500  \\$aTitle on spreadsheet: "Das Hannoverische Regiment Fussgarde in Jahr 1803"
=590  \\$aHorward Collection$9LOCAL
=700  1\$avon Ompteda
=936  1\$aHorward, Donald D.,$edonor$9LOCAL

