=LDR  00658nam a2200193Mi 4500
=008  \\\\\\s2001\\\\xx\\\\\\\\\\\\000\0\\\\\d
=040  \\$aFDA$beng$cFDA
=035  \\$a(FSUSCA)Horward_Row_2_Section_6_995
=245  00$aDaughters of Eve /$cLenard R. Berlanstein
=264  \1$a[Place of publication not identified] :$bHarvard Universiy Press,$c2001
=300  \\$avolume
=336  \\$atext$btxt$2rdacontent
=337  \\$aunmediated$bn$2rdamedia
=338  \\$avolume$bnc$2rdacarrier
=500  \\$aTitle on spreadsheet: "Daughters of Eve"
=500  \\$aInvoice.
=590  \\$aHorward Collection$9LOCAL
=700  1\$aBerlanstein, Lenard R.
=936  1\$aHorward, Donald D.,$edonor$9LOCAL

