=LDR  00717nam a2200181Mi 4500
=008  \\\\\\s1948\\\\xx\\\\\\\\\\\\000\0\\\\\d
=040  \\$aFDA$beng$cFDA
=035  \\$a(FSUSCA)Horward_Row_2_Section_1_63
=245  00$aDavid, Catalogue of Exhibition of Paintings and Drawings /$cArts Council of Great Britain
=264  \1$a[Place of publication not identified] :$bShenval Press,$c1948
=300  \\$avolume
=336  \\$atext$btxt$2rdacontent
=337  \\$aunmediated$bn$2rdamedia
=338  \\$avolume$bnc$2rdacarrier
=500  \\$aTitle on spreadsheet: "David: Catalogue of Exhibition of Paintings and Drawings"
=590  \\$aHorward Collection$9LOCAL
=710  2\$aArts Council of Great Britain
=936  1\$aHorward, Donald D.,$edonor$9LOCAL

