=LDR  00705nam a2200181Mi 4500
=008  \\\\\\s1970\\\\xx\\\\\\\\\\\\000\0\\\\\d
=040  \\$aFDA$beng$cFDA
=035  \\$a(FSUSCA)Horward_Row_4_Section_7_2345
=245  00$aDavid and Napoleonic Painting /$cMcCall Collection of Modern Art
=264  \1$a[Place of publication not identified] :$bFratelli Fabbri Editori and McCall Publishing Co.,$c1970
=300  \\$avolume
=336  \\$atext$btxt$2rdacontent
=337  \\$aunmediated$bn$2rdamedia
=338  \\$avolume$bnc$2rdacarrier
=500  \\$aTitle on spreadsheet: "David and Napoleonic Painting"
=590  \\$aHorward Collection$9LOCAL
=710  2\$aMcCall Collection of Modern Art
=936  1\$aHorward, Donald D.,$edonor$9LOCAL

