=LDR  00658nam a2200193Mi 4500
=008  \\\\\\s1975\\\\xx\\\\\\\\\\\\000\0\\\\\d
=040  \\$aFDA$beng$cFDA
=035  \\$a(FSUSCA)Horward_Row_2_Section_7_1130
=245  00$aDavout et L'art de la Guerre /$cReichel
=264  \1$a[Place of publication not identified] :$bDelachaux et Niestle,$c1975
=300  \\$avolume
=336  \\$atext$btxt$2rdacontent
=337  \\$aunmediated$bn$2rdamedia
=338  \\$avolume$bnc$2rdacarrier
=500  \\$aTitle on spreadsheet: "Davout et L'art de la Guerre"
=500  \\$aCustom binding.
=590  \\$aHorward Collection$9LOCAL
=700  1\$aReichel
=936  1\$aHorward, Donald D.,$edonor$9LOCAL

