=LDR  00653nam a2200193Mi 4500
=008  \\\\\\s1898\\\\xx\\\\\\\\\\\\000\0\\\\\d
=040  \\$aFDA$beng$cFDA
=035  \\$a(FSUSCA)Horward_Row_2_Section_5_780
=245  00$aDavout Marechal D'Empire$nVolume 1
=264  \1$a[Place of publication not identified] :$bPaul Ollendorff,$c1898
=300  \\$avolume
=336  \\$atext$btxt$2rdacontent
=337  \\$aunmediated$bn$2rdamedia
=338  \\$avolume$bnc$2rdacarrier
=500  \\$aTitle on spreadsheet: "Davout Marechal D'Empire"
=500  \\$aCustom binding.
=590  \\$aHorward Collection$9LOCAL
=700  1\$aLe Comte Vigier
=936  1\$aHorward, Donald D.,$edonor$9LOCAL

