=LDR  00643nam a2200181Mi 4500
=008  \\\\\\s1936\\\\xx\\\\\\\\\\\\000\0\\\\\d
=040  \\$aFDA$beng$cFDA
=035  \\$a(FSUSCA)Horward_Row_2_Section_9_1626
=245  00$aDeath Mask of Napoleon /$cLousiana State Museum
=264  \1$a[Place of publication not identified] :$bLousiana State Museum,$c1936
=300  \\$avolume
=336  \\$atext$btxt$2rdacontent
=337  \\$aunmediated$bn$2rdamedia
=338  \\$avolume$bnc$2rdacarrier
=500  \\$aTitle on spreadsheet: "Death Mask of Napoleon"
=590  \\$aHorward Collection$9LOCAL
=710  2\$aLousiana State Museum
=936  1\$aHorward, Donald D.,$edonor$9LOCAL

