=LDR  00718nam a2200193Mi 4500
=008  \\\\\\s1815\\\\xx\\\\\\\\\\\\000\0\\\\\d
=040  \\$aFDA$beng$cFDA
=035  \\$a(FSUSCA)Horward_Row_2_Section_3_513
=245  00$aDefense de Saragosse, ou Relation des Deux Sieges /$cDon Manuel Cavallero
=264  \1$a[Place of publication not identified] :$bChez Magimel,$c1815
=300  \\$avolume
=336  \\$atext$btxt$2rdacontent
=337  \\$aunmediated$bn$2rdamedia
=338  \\$avolume$bnc$2rdacarrier
=500  \\$aTitle on spreadsheet: "Defense de Saragosse, ou Relation des Deux Sieges"
=500  \\$aCustom binding.
=590  \\$aHorward Collection$9LOCAL
=700  1\$aCavallero, Don Manuel
=936  1\$aHorward, Donald D.,$edonor$9LOCAL

