=LDR  00635nam a2200181Mi 4500
=008  \\\\\\s1852\\\\xx\\\\\\\\\\\\000\0\\\\\d
=040  \\$aFDA$beng$cFDA
=035  \\$a(FSUSCA)Horward_Row_4_Section_7_2549
=245  00$aDe L'Empereur Napoleon /$cMaximes et Pensees
=264  \1$a[Place of publication not identified] :$bLibrairie Militaire,$c1852
=300  \\$avolume
=336  \\$atext$btxt$2rdacontent
=337  \\$aunmediated$bn$2rdamedia
=338  \\$avolume$bnc$2rdacarrier
=500  \\$aTitle on spreadsheet: "De L'Empereur Napoleon"
=590  \\$aHorward Collection$9LOCAL
=710  2\$aMaximes et Pensees
=936  1\$aHorward, Donald D.,$edonor$9LOCAL

