=LDR  00710nam a2200193Mi 4500
=008  \\\\\\s1964\\\\xx\\\\\\\\\\\\000\0\\\\\d
=040  \\$aFDA$beng$cFDA
=035  \\$a(FSUSCA)Horward_Row_2_Section_3_432
=245  00$aDernieres Victoires 1814, Le Campagne de France /$cM. R. Mathieu
=264  \1$a[Place of publication not identified] :$bA. et J. Picard et Cie,$c1964
=300  \\$avolume
=336  \\$atext$btxt$2rdacontent
=337  \\$aunmediated$bn$2rdamedia
=338  \\$avolume$bnc$2rdacarrier
=500  \\$aTitle on spreadsheet: "Dernieres Victoires 1814: Le Campagne de France"
=500  \\$aCustom binding.
=590  \\$aHorward Collection$9LOCAL
=700  1\$aMathieu, M. R.
=936  1\$aHorward, Donald D.,$edonor$9LOCAL

