=LDR  00689nam a2200193Mi 4500
=008  \\\\\\s1821\\\\xx\\\\\\\\\\\\000\0\\\\\d
=040  \\$aFDA$beng$cFDA
=035  \\$a(FSUSCA)Horward_Row_4_Section_8_2600
=245  00$aDerniers Moments de Napoleon /$cAntonmarchi
=264  \1$a[Place of publication not identified] :$bIllustrated Literature Publications Society,$c1821
=300  \\$avolume
=336  \\$atext$btxt$2rdacontent
=337  \\$aunmediated$bn$2rdamedia
=338  \\$avolume$bnc$2rdacarrier
=500  \\$aTitle on spreadsheet: "Derniers Moments de Napoleon"
=500  \\$aCustom binding.
=590  \\$aHorward Collection$9LOCAL
=700  1\$aAntonmarchi
=936  1\$aHorward, Donald D.,$edonor$9LOCAL

