=LDR  00665nam a2200181Mi 4500
=008  \\\\\\s1984\\\\xx\\\\\\\\\\\\000\0\\\\\d
=040  \\$aFDA$beng$cFDA
=035  \\$a(FSUSCA)Horward_Row_4_Section_7_2557
=245  00$aDescendencia Portuguesa do General Napoleonico /$cAndoche Junot
=264  \1$a[Place of publication not identified] :$bI. P. H.,$c1984
=300  \\$avolume
=336  \\$atext$btxt$2rdacontent
=337  \\$aunmediated$bn$2rdamedia
=338  \\$avolume$bnc$2rdacarrier
=500  \\$aTitle on spreadsheet: "A Descendencia Portuguesa do General Napoleonico"
=590  \\$aHorward Collection$9LOCAL
=700  1\$aJunot, Andoche
=936  1\$aHorward, Donald D.,$edonor$9LOCAL

