=LDR  00730nam a2200181Mi 4500
=008  \\\\\\s1966\\\\xx\\\\\\\\\\\\000\0\\\\\d
=040  \\$aFDA$beng$cFDA
=035  \\$a(FSUSCA)Horward_Row_2_Section_9_1499
=245  00$aDescription de L'egypte Publiee par ordre de Napoleon Bonaparte /$cAlbert Guillot
=264  \1$a[Place of publication not identified] :$bEditions d'art albert guillot Non dat,$c1966
=300  \\$avolume
=336  \\$atext$btxt$2rdacontent
=337  \\$aunmediated$bn$2rdamedia
=338  \\$avolume$bnc$2rdacarrier
=500  \\$aTitle on spreadsheet: "Description de L'egypte Publiee par ordre de Napoleon Bonaparte"
=590  \\$aHorward Collection$9LOCAL
=700  1\$aGuillot, Albert
=936  1\$aHorward, Donald D.,$edonor$9LOCAL

