=LDR  00716nam a2200205Mi 4500
=008  \\\\\\s1853\\\\xx\\\\\\\\\\\\000\0\\\\\d
=040  \\$aFDA$beng$cFDA
=035  \\$a(FSUSCA)Horward_Row_2_Section_5_816
=245  00$aDescription de Tombeau de L'empereur /$cJ. Chautard
=250  \\$aSecond Edition
=264  \1$a[Place of publication not identified] :$bDepot Central, Ledoyen,$c1853
=300  \\$avolume
=336  \\$atext$btxt$2rdacontent
=337  \\$aunmediated$bn$2rdamedia
=338  \\$avolume$bnc$2rdacarrier
=500  \\$aTitle on spreadsheet: "Description de Tombeau de L'empereur "
=500  \\$aCustom binding.
=590  \\$aHorward Collection$9LOCAL
=700  1\$aChautard, J.
=936  1\$aHorward, Donald D.,$edonor$9LOCAL

