=LDR  00651nam a2200181Mi 4500
=008  \\\\\\s1905\\\\xx\\\\\\\\\\\\000\0\\\\\d
=040  \\$aFDA$beng$cFDA
=035  \\$a(FSUSCA)Horward_Row_4_Section_7_2426
=245  00$aDes Konigs Deutiche Legion 1803 bis 1806 /$cV. Frobel?
=264  \1$a[Place of publication not identified] :$bErnit Siegfried,$c1905
=300  \\$avolume
=336  \\$atext$btxt$2rdacontent
=337  \\$aunmediated$bn$2rdamedia
=338  \\$avolume$bnc$2rdacarrier
=500  \\$aTitle on spreadsheet: "Des Konigs Deutiche Legion 1803 bis 1806"
=590  \\$aHorward Collection$9LOCAL
=700  1\$aFrobel, V.
=936  1\$aHorward, Donald D.,$edonor$9LOCAL

