=LDR  00623nam a2200181Mi 4500
=008  \\\\\\s1900\\\\xx\\\\\\\\\\\\000\0\\\\\d
=040  \\$aFDA$beng$cFDA
=035  \\$a(FSUSCA)Horward_Row_2_Section_6_915
=245  00$aDes Konigs Deutsche Legion /$cM. Ballauff
=264  \1$a[Place of publication not identified] :$bHeinn Feesche,$c1900
=300  \\$avolume
=336  \\$atext$btxt$2rdacontent
=337  \\$aunmediated$bn$2rdamedia
=338  \\$avolume$bnc$2rdacarrier
=500  \\$aTitle on spreadsheet: "Des Konigs Deutsche Legion"
=590  \\$aHorward Collection$9LOCAL
=700  1\$aBallauff, M.
=936  1\$aHorward, Donald D.,$edonor$9LOCAL

