=LDR  00645nam a2200181Mi 4500
=008  \\\\\\s1980\\\\xx\\\\\\\\\\\\000\0\\\\\d
=040  \\$aFDA$beng$cFDA
=035  \\$a(FSUSCA)Horward_Row_2_Section_10_1752
=245  00$aDetente in the Napoleonic Era /$cHugh Ragsdale
=264  \1$a[Place of publication not identified] :$bRegents Press of Kansas,$c1980
=300  \\$avolume
=336  \\$atext$btxt$2rdacontent
=337  \\$aunmediated$bn$2rdamedia
=338  \\$avolume$bnc$2rdacarrier
=500  \\$aTitle on spreadsheet: "Detente in the Napoleonic Era"
=590  \\$aHorward Collection$9LOCAL
=700  1\$aRagsdale, Hugh
=936  1\$aHorward, Donald D.,$edonor$9LOCAL

