=LDR  00784nam a2200181Mi 4500
=008  \\\\\\suuuu\\\\xx\\\\\\\\\\\\000\0\\\\\d
=040  \\$aFDA$beng$cFDA
=035  \\$a(FSUSCA)Horward_Row_2_Section_8_1364
=245  00$aDiary and Correspondence of Henry Wellesley First Lord-Cowley 1790-1846 /$cEdited by Col. the Hon. F.A. Wellesley
=264  \1$a[Place of publication not identified] :$bHutchinson and Co,$c[date of publication not identified]
=300  \\$avolume
=336  \\$atext$btxt$2rdacontent
=337  \\$aunmediated$bn$2rdamedia
=338  \\$avolume$bnc$2rdacarrier
=500  \\$aTitle on spreadsheet: "The Diary and Correspondence of Henry Wellesley First Lord-Cowley 1790-1846"
=590  \\$aHorward Collection$9LOCAL
=700  1\$aWellesley, F.A.
=936  1\$aHorward, Donald D.,$edonor$9LOCAL

