=LDR  00646nam a2200181Mi 4500
=008  \\\\\\s1991\\\\xx\\\\\\\\\\\\000\0\\\\\d
=040  \\$aFDA$beng$cFDA
=035  \\$a(FSUSCA)Horward_Row_4_Section_6_2278
=245  00$aDiary of a Napoleonic Foot Soldier /$cJakob Walter
=264  \1$a[Place of publication not identified] :$bPenguin Books,$c1991
=300  \\$avolume
=336  \\$atext$btxt$2rdacontent
=337  \\$aunmediated$bn$2rdamedia
=338  \\$avolume$bnc$2rdacarrier
=500  \\$aTitle on spreadsheet: "The Diary of a Napoleonic Foot Soldier"
=590  \\$aHorward Collection$9LOCAL
=700  1\$aWalter, Jakob
=936  1\$aHorward, Donald D.,$edonor$9LOCAL

