=LDR  00963nam a2200205Mi 4500
=008  \\\\\\s1952\\\\xx\\\\\\\\\\\\000\0\\\\\d
=040  \\$aFDA$beng$cFDA
=035  \\$a(FSUSCA)Horward_Row_2_Section_3_371
=245  00$aDiccionario Bibliografico de la Guerra de la Independencia Espanola - 1808-1814$nVolume III /$cEstado Mayor Central Del Ejercito?
=264  \1$a[Place of publication not identified] :$bImprenta Biosca,$c1952
=300  \\$avolume
=336  \\$atext$btxt$2rdacontent
=337  \\$aunmediated$bn$2rdamedia
=338  \\$avolume$bnc$2rdacarrier
=500  \\$aTitle on spreadsheet: "Diccionario Bibliografico de la Guerra de la Independencia Espanola - 1808-1814, Volume III: Letras P-Z"
=500  \\$aCustom binding.
=500  \\$aDiccionario Bibliografico de la Guerra de la Independencia Espanola - 1808-1814, Volume III: Letras P-Z
=590  \\$aHorward Collection$9LOCAL
=710  2\$aEstado Mayor Central Del Ejercito
=936  1\$aHorward, Donald D.,$edonor$9LOCAL

