=LDR  00671nam a2200181Mi 4500
=008  \\\\\\suuuu\\\\xx\\\\\\\\\\\\000\0\\\\\d
=040  \\$aFDA$beng$cFDA
=035  \\$a(FSUSCA)Horward_Row_2_Section_10_1728
=245  00$aDictionary of Napoleon /$cH.N.B. Richardson
=264  \1$a[Place of publication not identified] :$bFunk and Wagnalls Co.,$c[date of publication not identified]
=300  \\$avolume
=336  \\$atext$btxt$2rdacontent
=337  \\$aunmediated$bn$2rdamedia
=338  \\$avolume$bnc$2rdacarrier
=500  \\$aTitle on spreadsheet: "A Dictionary of Napoleon"
=590  \\$aHorward Collection$9LOCAL
=700  1\$aRichardson, H.N.B.
=936  1\$aHorward, Donald D.,$edonor$9LOCAL

