=LDR  00619nam a2200181Mi 4500
=008  \\\\\\s1969\\\\xx\\\\\\\\\\\\000\0\\\\\d
=040  \\$aFDA$beng$cFDA
=035  \\$a(FSUSCA)Horward_Row_4_Section_7_2496
=245  00$aDictionnaire de L'Empereur /$cAndre Palluel
=264  \1$a[Place of publication not identified] :$bPlon,$c1969
=300  \\$avolume
=336  \\$atext$btxt$2rdacontent
=337  \\$aunmediated$bn$2rdamedia
=338  \\$avolume$bnc$2rdacarrier
=500  \\$aTitle on spreadsheet: "Dictionnaire de L'Empereur"
=590  \\$aHorward Collection$9LOCAL
=700  1\$aPalluel, Andre
=936  1\$aHorward, Donald D.,$edonor$9LOCAL

