=LDR  00685nam a2200181Mi 4500
=008  \\\\\\s1965\\\\xx\\\\\\\\\\\\000\0\\\\\d
=040  \\$aFDA$beng$cFDA
=035  \\$a(FSUSCA)Horward_Row_4_Section_6_2279
=245  00$aDictionnaire de la Revolution et de l'Empire /$cBernardine Melchior-Bonnet
=264  \1$a[Place of publication not identified] :$bLarousse,$c1965
=300  \\$avolume
=336  \\$atext$btxt$2rdacontent
=337  \\$aunmediated$bn$2rdamedia
=338  \\$avolume$bnc$2rdacarrier
=500  \\$aTitle on spreadsheet: "Dictionnaire de la Revolution et de l'Empire"
=590  \\$aHorward Collection$9LOCAL
=700  1\$aMelchior-Bonnet, Bernardine
=936  1\$aHorward, Donald D.,$edonor$9LOCAL

