=LDR  00620nam a2200181Mi 4500
=008  \\\\\\s1996\\\\xx\\\\\\\\\\\\000\0\\\\\d
=040  \\$aFDA$beng$cFDA
=035  \\$a(FSUSCA)Horward_Row_2_Section_9_1486
=245  00$aDie Hard! /$cPhilip J. Haythornthwaite
=264  \1$a[Place of publication not identified] :$bArms and Armour,$c1996
=300  \\$avolume
=336  \\$atext$btxt$2rdacontent
=337  \\$aunmediated$bn$2rdamedia
=338  \\$avolume$bnc$2rdacarrier
=500  \\$aTitle on spreadsheet: "Die Hard!"
=590  \\$aHorward Collection$9LOCAL
=700  1\$aHaythornthwaite, Philip J.
=936  1\$aHorward, Donald D.,$edonor$9LOCAL

