=LDR  00610nam a2200181Mi 4500
=008  \\\\\\s1971\\\\xx\\\\\\\\\\\\000\0\\\\\d
=040  \\$aFDA$beng$cFDA
=035  \\$a(FSUSCA)Horward_Row_2_Section_9_1594
=245  00$aDiplomacy of Napoleon /$cMowat
=264  \1$a[Place of publication not identified] :$bRussel and Russel,$c1971
=300  \\$avolume
=336  \\$atext$btxt$2rdacontent
=337  \\$aunmediated$bn$2rdamedia
=338  \\$avolume$bnc$2rdacarrier
=500  \\$aTitle on spreadsheet: "The Diplomacy of Napoleon "
=590  \\$aHorward Collection$9LOCAL
=700  1\$aMowat
=936  1\$aHorward, Donald D.,$edonor$9LOCAL

