=LDR  00703nam a2200193Mi 4500
=008  \\\\\\s1961\\\\xx\\\\\\\\\\\\000\0\\\\\d
=040  \\$aFDA$beng$cFDA
=035  \\$a(FSUSCA)Horward_Row_4_Section_7_2357
=245  00$aDocumentary Survey of the French Revolution /$cJohn Hall Stewart
=250  \\$aSecond
=264  \1$a[Place of publication not identified] :$bThe Macmillan Company,$c1961
=300  \\$avolume
=336  \\$atext$btxt$2rdacontent
=337  \\$aunmediated$bn$2rdamedia
=338  \\$avolume$bnc$2rdacarrier
=500  \\$aTitle on spreadsheet: "A Documentary Survey of the French Revolution"
=590  \\$aHorward Collection$9LOCAL
=700  1\$aStewart, John Hall
=936  1\$aHorward, Donald D.,$edonor$9LOCAL

