=LDR  00675nam a2200193Mi 4500
=008  \\\\\\s2010\\\\xx\\\\\\\\\\\\000\0\\\\\d
=040  \\$aFDA$beng$cFDA
=035  \\$a(FSUSCA)Horward_Row_2_Section_10_1773
=245  00$aDom Miguel Pereira Forjaz /$cFrancisco de la Fuente
=264  \1$a[Place of publication not identified] :$bTribuna da Historia,$c2010
=300  \\$avolume
=336  \\$atext$btxt$2rdacontent
=337  \\$aunmediated$bn$2rdamedia
=338  \\$avolume$bnc$2rdacarrier
=500  \\$aTitle on spreadsheet: "Dom Miguel Pereira Forjaz"
=500  \\$aSigned.
=590  \\$aHorward Collection$9LOCAL
=700  1\$ade la Fuente, Francisco
=936  1\$aHorward, Donald D.,$edonor$9LOCAL

