=LDR  00863nam a2200181Mi 4500
=008  \\\\\\s1980\\\\xx\\\\\\\\\\\\000\0\\\\\d
=040  \\$aFDA$beng$cFDA
=035  \\$a(FSUSCA)Horward_Row_4_Section_5_2136
=245  00$aDom Miguel Pereira Porjaz, His Early Career and Role in the Mobilization and Defense of Portugal During the Peninsular War /$cFrancisco Arturo de la Fuente
=264  \1$a[Place of publication not identified] :$bFlorida State University,$c1980
=300  \\$avolume
=336  \\$atext$btxt$2rdacontent
=337  \\$aunmediated$bn$2rdamedia
=338  \\$avolume$bnc$2rdacarrier
=500  \\$aTitle on spreadsheet: "Dom Miguel Pereira Porjaz: His Early Career and Role in the Mobilization and Defense of Portugal During the Peninsular War"
=590  \\$aHorward Collection$9LOCAL
=700  1\$ade la Fuente, Francisco Arturo
=936  1\$aHorward, Donald D.,$edonor$9LOCAL

