=LDR  00624nam a2200181Mi 4500
=008  \\\\\\s1962\\\\xx\\\\\\\\\\\\000\0\\\\\d
=040  \\$aFDA$beng$cFDA
=035  \\$a(FSUSCA)Horward_Row_2_Section_2_218
=245  00$aDuchess of Dino /$cPhilip Ziegler
=264  \1$a[Place of publication not identified] :$bCollins Clear - Type Press,$c1962
=300  \\$avolume
=336  \\$atext$btxt$2rdacontent
=337  \\$aunmediated$bn$2rdamedia
=338  \\$avolume$bnc$2rdacarrier
=500  \\$aTitle on spreadsheet: "The Duchess of Dino"
=590  \\$aHorward Collection$9LOCAL
=700  1\$aZiegler, Philip
=936  1\$aHorward, Donald D.,$edonor$9LOCAL

