=LDR  00598nam a2200181Mi 4500
=008  \\\\\\s1974\\\\xx\\\\\\\\\\\\000\0\\\\\d
=040  \\$aFDA$beng$cFDA
=035  \\$a(FSUSCA)Horward_Row_2_Section_6_894
=245  00$aDuke /$cPhilip Guedalla
=264  \1$a[Place of publication not identified] :$bHodder and Stoughton,$c1974
=300  \\$avolume
=336  \\$atext$btxt$2rdacontent
=337  \\$aunmediated$bn$2rdamedia
=338  \\$avolume$bnc$2rdacarrier
=500  \\$aTitle on spreadsheet: "The Duke"
=590  \\$aHorward Collection$9LOCAL
=700  1\$aGuedalla, Philip
=936  1\$aHorward, Donald D.,$edonor$9LOCAL

