=LDR  00631nam a2200181Mi 4500
=008  \\\\\\s1914\\\\xx\\\\\\\\\\\\000\0\\\\\d
=040  \\$aFDA$beng$cFDA
=035  \\$a(FSUSCA)Horward_Row_4_Section_7_2399
=245  00$aDuke of Wellington /$cJ. Walter Buchan
=264  \1$a[Place of publication not identified] :$bThomas Nelson and Sons,$c1914
=300  \\$avolume
=336  \\$atext$btxt$2rdacontent
=337  \\$aunmediated$bn$2rdamedia
=338  \\$avolume$bnc$2rdacarrier
=500  \\$aTitle on spreadsheet: "The Duke of Wellington"
=590  \\$aHorward Collection$9LOCAL
=700  1\$aBuchan, J. Walter
=936  1\$aHorward, Donald D.,$edonor$9LOCAL

