=LDR  00730nam a2200205Mi 4500
=008  \\\\\\s1990\\\\xx\\\\\\\\\\\\000\0\\\\\d
=040  \\$aFDA$beng$cFDA
=035  \\$a(FSUSCA)Horward_Row_2_Section_9_1574
=245  00$aDuke of Wellington and the Command of the Spanish Army /$cEsdaile
=250  \\$aFirst edition
=264  \1$a[Place of publication not identified] :$bMacmillan,$c1990
=300  \\$avolume
=336  \\$atext$btxt$2rdacontent
=337  \\$aunmediated$bn$2rdamedia
=338  \\$avolume$bnc$2rdacarrier
=500  \\$aTitle on spreadsheet: "The Duke of Wellington and the Command of the Spanish Army"
=500  \\$aAutographed.
=590  \\$aHorward Collection$9LOCAL
=700  1\$aEsdaile
=936  1\$aHorward, Donald D.,$edonor$9LOCAL

