=LDR  00655nam a2200181Mi 4500
=008  \\\\\\s1965\\\\xx\\\\\\\\\\\\000\0\\\\\d
=040  \\$aFDA$beng$cFDA
=035  \\$a(FSUSCA)Horward_Row_2_Section_2_180
=245  00$aDuke of Wellington in caricature /$cJOhn Physick
=264  \1$a[Place of publication not identified] :$bVictoria and Albert Museum,$c1965
=300  \\$avolume
=336  \\$atext$btxt$2rdacontent
=337  \\$aunmediated$bn$2rdamedia
=338  \\$avolume$bnc$2rdacarrier
=500  \\$aTitle on spreadsheet: "The Duke of Wellington in caricature "
=590  \\$aHorward Collection$9LOCAL
=700  1\$aPhysick, John
=936  1\$aHorward, Donald D.,$edonor$9LOCAL

