=LDR  00757nam a2200193Mi 4500
=008  \\\\\\s1913\\\\xx\\\\\\\\\\\\000\0\\\\\d
=040  \\$aFDA$beng$cFDA
=035  \\$a(FSUSCA)Horward_Row_2_Section_3_396
=245  00$aDuroc Duc de Frioul Grand Marechal du Palais Imperial (1772-1813) /$cJean De La Tour
=264  \1$a[Place of publication not identified] :$bMarc Imhaus and Rene Chapelot,$c1913
=300  \\$avolume
=336  \\$atext$btxt$2rdacontent
=337  \\$aunmediated$bn$2rdamedia
=338  \\$avolume$bnc$2rdacarrier
=500  \\$aTitle on spreadsheet: "Duroc Duc de Frioul Grand Marechal du Palais Imperial (1772-1813)"
=500  \\$aCustom binding.
=590  \\$aHorward Collection$9LOCAL
=700  1\$aDe La Tour, Jean
=936  1\$aHorward, Donald D.,$edonor$9LOCAL

