=LDR  00816nam a2200181Mi 4500
=008  \\\\\\s2003\\\\xx\\\\\\\\\\\\000\0\\\\\d
=040  \\$aFDA$beng$cFDA
=035  \\$a(FSUSCA)Horward_Row_4_Section_5_2116
=245  00$aEarly Career of Lieutenant General Donatien Rochambeau and the French Campaigns in the Caribbean /$cJames Lafayette Haynsworth IV
=264  \1$a[Place of publication not identified] :$bFlorida State University,$c2003
=300  \\$avolume
=336  \\$atext$btxt$2rdacontent
=337  \\$aunmediated$bn$2rdamedia
=338  \\$avolume$bnc$2rdacarrier
=500  \\$aTitle on spreadsheet: "The Early Career of Lieutenant General Donatien Rochambeau and the French Campaigns in the Caribbean "
=590  \\$aHorward Collection$9LOCAL
=700  1\$aHaynsworth, James Lafayette IV
=936  1\$aHorward, Donald D.,$edonor$9LOCAL

