=LDR  00668nam a2200181Mi 4500
=008  \\\\\\s1986\\\\xx\\\\\\\\\\\\000\0\\\\\d
=040  \\$aFDA$beng$cFDA
=035  \\$a(FSUSCA)Horward_Row_2_Section_12_2032
=245  00$aEarly Career of Nicholas Charles Oudinot /$cKyle Eidahl
=264  \1$a[Place of publication not identified] :$bFlorida State University,$c1986
=300  \\$avolume
=336  \\$atext$btxt$2rdacontent
=337  \\$aunmediated$bn$2rdamedia
=338  \\$avolume$bnc$2rdacarrier
=500  \\$aTitle on spreadsheet: "The Early Career of Nicholas Charles Oudinot"
=590  \\$aHorward Collection$9LOCAL
=700  1\$aEidahl, Kyle
=936  1\$aHorward, Donald D.,$edonor$9LOCAL

