=LDR  00754nam a2200181Mi 4500
=008  \\\\\\s1994\\\\xx\\\\\\\\\\\\000\0\\\\\d
=040  \\$aFDA$beng$cFDA
=035  \\$a(FSUSCA)Horward_Row_2_Section_12_2053
=245  00$aEarly Life and Career of George Cranfield Berkeley, The Education of an Admiral /$cBrian M. De Toy
=264  \1$a[Place of publication not identified] :$bFlorida State University,$c1994
=300  \\$avolume
=336  \\$atext$btxt$2rdacontent
=337  \\$aunmediated$bn$2rdamedia
=338  \\$avolume$bnc$2rdacarrier
=500  \\$aTitle on spreadsheet: "The Early Life and Career of George Cranfield Berkeley: The Education of an Admiral"
=590  \\$aHorward Collection$9LOCAL
=700  1\$aDe Toy, Brian M.
=936  1\$aHorward, Donald D.,$edonor$9LOCAL

