=LDR  00629nam a2200193Mi 4500
=008  \\\\\\s1959\\\\xx\\\\\\\\\\\\000\0\\\\\d
=040  \\$aFDA$beng$cFDA
=035  \\$a(FSUSCA)Horward_Row_4_Section_8_2591
=245  00$aEchec a L'Empereur /$cKubnick
=264  \1$a[Place of publication not identified] :$bLa Palatine,$c1959
=300  \\$avolume
=336  \\$atext$btxt$2rdacontent
=337  \\$aunmediated$bn$2rdamedia
=338  \\$avolume$bnc$2rdacarrier
=500  \\$aTitle on spreadsheet: "Echec a L'Empereur"
=500  \\$aCustom binding.
=590  \\$aHorward Collection$9LOCAL
=700  1\$aKubnick
=936  1\$aHorward, Donald D.,$edonor$9LOCAL

