=LDR  00723nam a2200181Mi 4500
=008  \\\\\\s1958\\\\xx\\\\\\\\\\\\000\0\\\\\d
=040  \\$aFDA$beng$cFDA
=035  \\$a(FSUSCA)Horward_Row_4_Section_6_2269
=245  00$aEconomic Origins of the French Revolution, Poverty or Prosperity? /$cRalph W. Greenlaw
=264  \1$a[Place of publication not identified] :$bD.C. Heath and Co.,$c1958
=300  \\$avolume
=336  \\$atext$btxt$2rdacontent
=337  \\$aunmediated$bn$2rdamedia
=338  \\$avolume$bnc$2rdacarrier
=500  \\$aTitle on spreadsheet: "The Economic Origins of the French Revolution: Poverty or Prosperity?"
=590  \\$aHorward Collection$9LOCAL
=700  1\$aGreenlaw, Ralph W.
=936  1\$aHorward, Donald D.,$edonor$9LOCAL

