=LDR  00699nam a2200181Mi 4500
=008  \\\\\\s1982\\\\xx\\\\\\\\\\\\000\0\\\\\d
=040  \\$aFDA$beng$cFDA
=035  \\$a(FSUSCA)Horward_Row_2_Section_2_192
=245  00$aEighteenth-Century Europe, Tradition and Progress, 1715-1789 /$cIsser Woloch
=264  \1$a[Place of publication not identified] :$bW.W. Norton Company,$c1982
=300  \\$avolume
=336  \\$atext$btxt$2rdacontent
=337  \\$aunmediated$bn$2rdamedia
=338  \\$avolume$bnc$2rdacarrier
=500  \\$aTitle on spreadsheet: "Eighteenth-Century Europe: Tradition and Progress, 1715-1789"
=590  \\$aHorward Collection$9LOCAL
=700  1\$aWoloch, Isser
=936  1\$aHorward, Donald D.,$edonor$9LOCAL

