=LDR  00774nam a2200181Mi 4500
=008  \\\\\\s1978\\\\xx\\\\\\\\\\\\000\0\\\\\d
=040  \\$aFDA$beng$cFDA
=035  \\$a(FSUSCA)Horward_Row_2_Section_8_1366
=245  00$aEl arte en los monasterios y conventos despoblados de la provincia de Salamanca /$cJaime Pinilla Gonzalez
=264  \1$a[Place of publication not identified] :$bEdiciones Universidad de Salamanca,$c1978
=300  \\$avolume
=336  \\$atext$btxt$2rdacontent
=337  \\$aunmediated$bn$2rdamedia
=338  \\$avolume$bnc$2rdacarrier
=500  \\$aTitle on spreadsheet: "El  arte en los monasterios y conventos despoblados de la provincia de Salamanca"
=590  \\$aHorward Collection$9LOCAL
=700  1\$aGonzalez, Jaime Pinilla
=936  1\$aHorward, Donald D.,$edonor$9LOCAL

