=LDR  00748nam a2200181Mi 4500
=008  \\\\\\suuuu\\\\xx\\\\\\\\\\\\000\0\\\\\d
=040  \\$aFDA$beng$cFDA
=035  \\$a(FSUSCA)Horward_Row_2_Section_9_1551
=245  00$aEl Clero Mirobrigense en la Guena de la Independecia (pages 3-55)
=264  \1$a[Place of publication not identified] :$b[publisher not identified],$c[date of publication not identified]
=300  \\$avolume
=336  \\$atext$btxt$2rdacontent
=337  \\$aunmediated$bn$2rdamedia
=338  \\$avolume$bnc$2rdacarrier
=500  \\$aTitle on spreadsheet: "El Clero Mirobrigense en la Guena de la Independecia (pages 3-55)"
=500  \\$aIn orange manila envelope.
=590  \\$aHorward Collection$9LOCAL
=936  1\$aHorward, Donald D.,$edonor$9LOCAL

