=LDR  00739nam a2200181Mi 4500
=008  \\\\\\s1973\\\\xx\\\\\\\\\\\\000\0\\\\\d
=040  \\$aFDA$beng$cFDA
=035  \\$a(FSUSCA)Horward_Row_2_Section_8_1405
=245  00$aEldest Brother, The Marques Wellesley, the Duke of Wellington's Eldest Brother /$cIris Butler
=264  \1$a[Place of publication not identified] :$bHodder and Stoughton,$c1973
=300  \\$avolume
=336  \\$atext$btxt$2rdacontent
=337  \\$aunmediated$bn$2rdamedia
=338  \\$avolume$bnc$2rdacarrier
=500  \\$aTitle on spreadsheet: "The Eldest Brother: The Marques Wellesley, the Duke of Wellington's Eldest Brother"
=590  \\$aHorward Collection$9LOCAL
=700  1\$aButler, Iris
=936  1\$aHorward, Donald D.,$edonor$9LOCAL

