=LDR  00784nam a2200205Mi 4500
=008  \\\\\\s1967\\\\xx\\\\\\\\\\\\000\0\\\\\d
=040  \\$aFDA$beng$cFDA
=035  \\$a(FSUSCA)Horward_Row_2_Section_4_588
=245  00$aEl General Perex de Herrasti Heroe de Ciudad Rodrigo /$cJulio de Ramon Laca, Jose de Yanguas y Messia
=264  \1$a[Place of publication not identified] :$bRaycar,$c1967
=300  \\$avolume
=336  \\$atext$btxt$2rdacontent
=337  \\$aunmediated$bn$2rdamedia
=338  \\$avolume$bnc$2rdacarrier
=500  \\$aTitle on spreadsheet: "El General Perex de Herrasti Heroe de Ciudad Rodrigo"
=500  \\$aCustom binding.
=590  \\$aHorward Collection$9LOCAL
=700  1\$ade Ramon Laca, Julio
=700  1\$ade Yanguas y Messia, Jose
=936  1\$aHorward, Donald D.,$edonor$9LOCAL

