=LDR  00705nam a2200181Mi 4500
=008  \\\\\\s1982\\\\xx\\\\\\\\\\\\000\0\\\\\d
=040  \\$aFDA$beng$cFDA
=035  \\$a(FSUSCA)Horward_Row_2_Section_8_1360
=245  00$aEl-Rei Junot com uma nota introdutoria de Guilherme de Castilho /$cRaul Brandao
=264  \1$a[Place of publication not identified] :$bImprensa Nacional,$c1982
=300  \\$avolume
=336  \\$atext$btxt$2rdacontent
=337  \\$aunmediated$bn$2rdamedia
=338  \\$avolume$bnc$2rdacarrier
=500  \\$aTitle on spreadsheet: "El-Rei Junot com uma nota introdutoria de Guilherme de Castilho "
=590  \\$aHorward Collection$9LOCAL
=700  1\$aBrandao, Raul
=936  1\$aHorward, Donald D.,$edonor$9LOCAL

