=LDR  00652nam a2200205Mi 4500
=008  \\\\\\s1957\\\\xx\\\\\\\\\\\\000\0\\\\\d
=040  \\$aFDA$beng$cFDA
=035  \\$a(FSUSCA)Horward_Row_4_Section_8_2562
=245  00$aEmma in Blue /$cHamilton and Stewart
=250  \\$aFirst Impression
=264  \1$a[Place of publication not identified] :$bWingate,$c1957
=300  \\$avolume
=336  \\$atext$btxt$2rdacontent
=337  \\$aunmediated$bn$2rdamedia
=338  \\$avolume$bnc$2rdacarrier
=500  \\$aTitle on spreadsheet: "Emma in Blue"
=590  \\$aHorward Collection$9LOCAL
=700  1\$aHamilton
=700  1\$aStewart
=936  1\$aHorward, Donald D.,$edonor$9LOCAL

