=LDR  00630nam a2200181Mi 4500
=008  \\\\\\s1964\\\\xx\\\\\\\\\\\\000\0\\\\\d
=040  \\$aFDA$beng$cFDA
=035  \\$a(FSUSCA)Horward_Row_2_Section_10_1794
=245  00$aEmperor Alexander I /$cE. M. Almedingen
=264  \1$a[Place of publication not identified] :$bThe Vanguard Press,$c1964
=300  \\$avolume
=336  \\$atext$btxt$2rdacontent
=337  \\$aunmediated$bn$2rdamedia
=338  \\$avolume$bnc$2rdacarrier
=500  \\$aTitle on spreadsheet: "The Emperor Alexander I"
=590  \\$aHorward Collection$9LOCAL
=700  1\$aAlmedingen, E. M.
=936  1\$aHorward, Donald D.,$edonor$9LOCAL

