=LDR  00662nam a2200193Mi 4500
=008  \\\\\\s1991\\\\xx\\\\\\\\\\\\000\0\\\\\d
=040  \\$aFDA$beng$cFDA
=035  \\$a(FSUSCA)Horward_Row_2_Section_1_90
=245  00$aEmperorer's Last Island /$cBlackburn, Julia
=264  \1$a[Place of publication not identified] :$bPantheon Books,$c1991
=300  \\$avolume
=336  \\$atext$btxt$2rdacontent
=337  \\$aunmediated$bn$2rdamedia
=338  \\$avolume$bnc$2rdacarrier
=500  \\$aTitle on spreadsheet: "The Emperorer's Last Island"
=500  \\$aLoose ephemera.
=590  \\$aHorward Collection$9LOCAL
=700  1\$aBlackburn, Julia
=936  1\$aHorward, Donald D.,$edonor$9LOCAL

