=LDR  00663nam a2200193Mi 4500
=008  \\\\\\s1940\\\\xx\\\\\\\\\\\\000\0\\\\\d
=040  \\$aFDA$beng$cFDA
=035  \\$a(FSUSCA)Horward_Row_2_Section_7_1177
=245  00$aempire and the Glory /$cFletcher Pratt
=250  \\$a1st edition 
=264  \1$a[Place of publication not identified] :$bWilliam Sloane Associates,$c1940
=300  \\$avolume
=336  \\$atext$btxt$2rdacontent
=337  \\$aunmediated$bn$2rdamedia
=338  \\$avolume$bnc$2rdacarrier
=500  \\$aTitle on spreadsheet: "The empire and the Glory"
=590  \\$aHorward Collection$9LOCAL
=700  1\$aPratt, Fletcher
=936  1\$aHorward, Donald D.,$edonor$9LOCAL

