=LDR  00751nam a2200181Mi 4500
=008  \\\\\\s1973\\\\xx\\\\\\\\\\\\000\0\\\\\d
=040  \\$aFDA$beng$cFDA
=035  \\$a(FSUSCA)Horward_Row_4_Section_7_2342
=245  00$aEmpire Style, 1804-1815, An Introduction to the Decorative Style that Glorified Napoleon /$cNietta Apra
=264  \1$a[Place of publication not identified] :$bWorld Publishing,$c1973
=300  \\$avolume
=336  \\$atext$btxt$2rdacontent
=337  \\$aunmediated$bn$2rdamedia
=338  \\$avolume$bnc$2rdacarrier
=500  \\$aTitle on spreadsheet: "Empire Style, 1804-1815: An Introduction to the Decorative Style that Glorified Napoleon"
=590  \\$aHorward Collection$9LOCAL
=700  1\$aApra, Nietta
=936  1\$aHorward, Donald D.,$edonor$9LOCAL

