=LDR  00647nam a2200181Mi 4500
=008  \\\\\\s1984\\\\xx\\\\\\\\\\\\000\0\\\\\d
=040  \\$aFDA$beng$cFDA
=035  \\$a(FSUSCA)Horward_Row_2_Section_11_1922
=245  00$aEncyclopedia of Napoleon's Europe /$cAlan Palmer
=264  \1$a[Place of publication not identified] :$bSt. Martin's Press,$c1984
=300  \\$avolume
=336  \\$atext$btxt$2rdacontent
=337  \\$aunmediated$bn$2rdamedia
=338  \\$avolume$bnc$2rdacarrier
=500  \\$aTitle on spreadsheet: "An Encyclopedia of Napoleon's Europe"
=590  \\$aHorward Collection$9LOCAL
=700  1\$aPalmer, Alan
=936  1\$aHorward, Donald D.,$edonor$9LOCAL

