=LDR  00644nam a2200181Mi 4500
=008  \\\\\\s1887\\\\xx\\\\\\\\\\\\000\0\\\\\d
=040  \\$aFDA$beng$cFDA
=035  \\$a(FSUSCA)Horward_Row_2_Section_7_1239
=245  00$aEngland and Napoleon in 1803 /$cOscar Browning
=264  \1$a[Place of publication not identified] :$bLongmans, Green, and Co,$c1887
=300  \\$avolume
=336  \\$atext$btxt$2rdacontent
=337  \\$aunmediated$bn$2rdamedia
=338  \\$avolume$bnc$2rdacarrier
=500  \\$aTitle on spreadsheet: "England and Napoleon in 1803"
=590  \\$aHorward Collection$9LOCAL
=700  1\$aBrowning, Oscar
=936  1\$aHorward, Donald D.,$edonor$9LOCAL

