=LDR  00707nam a2200181Mi 4500
=008  \\\\\\s1968\\\\xx\\\\\\\\\\\\000\0\\\\\d
=040  \\$aFDA$beng$cFDA
=035  \\$a(FSUSCA)Horward_Row_2_Section_6_913
=245  00$aEnglish Jacobins, Reformers in the Late 18th Century England /$cCarl B. Cone
=264  \1$a[Place of publication not identified] :$bCharles Scribner's Sons,$c1968
=300  \\$avolume
=336  \\$atext$btxt$2rdacontent
=337  \\$aunmediated$bn$2rdamedia
=338  \\$avolume$bnc$2rdacarrier
=500  \\$aTitle on spreadsheet: "The English Jacobins: Reformers in the Late 18th Century England"
=590  \\$aHorward Collection$9LOCAL
=700  1\$aCone, Carl B.
=936  1\$aHorward, Donald D.,$edonor$9LOCAL

