=LDR  00759nam a2200181Mi 4500
=008  \\\\\\s1965\\\\xx\\\\\\\\\\\\000\0\\\\\d
=040  \\$aFDA$beng$cFDA
=035  \\$a(FSUSCA)Horward_Row_4_Section_6_2149
=245  00$aEnglish Militia in the Eighteenth Century, The Story of a Political Issue 1660-1802 /$cJ.R. Western
=264  \1$a[Place of publication not identified] :$bUniversity of Toronto Press,$c1965
=300  \\$avolume
=336  \\$atext$btxt$2rdacontent
=337  \\$aunmediated$bn$2rdamedia
=338  \\$avolume$bnc$2rdacarrier
=500  \\$aTitle on spreadsheet: "The English Militia in the Eighteenth Century: The Story of a Political Issue 1660-1802 "
=590  \\$aHorward Collection$9LOCAL
=700  1\$aWestern, J.R.
=936  1\$aHorward, Donald D.,$edonor$9LOCAL

