=LDR  00644nam a2200181Mi 4500
=008  \\\\\\s1974\\\\xx\\\\\\\\\\\\000\0\\\\\d
=040  \\$aFDA$beng$cFDA
=035  \\$a(FSUSCA)Horward_Row_2_Section_12_2035
=245  00$aEnigma of Louis XVII /$cSusan Punzel Connor
=264  \1$a[Place of publication not identified] :$bFlorida State University,$c1974
=300  \\$avolume
=336  \\$atext$btxt$2rdacontent
=337  \\$aunmediated$bn$2rdamedia
=338  \\$avolume$bnc$2rdacarrier
=500  \\$aTitle on spreadsheet: "The Enigma of Louis XVII"
=590  \\$aHorward Collection$9LOCAL
=700  1\$aConnor, Susan Punzel
=936  1\$aHorward, Donald D.,$edonor$9LOCAL

