=LDR  00701nam a2200181Mi 4500
=008  \\\\\\s1966\\\\xx\\\\\\\\\\\\000\0\\\\\d
=040  \\$aFDA$beng$cFDA
=035  \\$a(FSUSCA)Horward_Row_2_Section_6_1054
=245  00$aEnigma of the Age, The Strange Story of the Chevalier d'Eon /$cCynthia Cox
=264  \1$a[Place of publication not identified] :$bLongman's Publishing,$c1966
=300  \\$avolume
=336  \\$atext$btxt$2rdacontent
=337  \\$aunmediated$bn$2rdamedia
=338  \\$avolume$bnc$2rdacarrier
=500  \\$aTitle on spreadsheet: "The Enigma of the Age: The Strange Story of the Chevalier d'Eon"
=590  \\$aHorward Collection$9LOCAL
=700  1\$aCox, Cynthia
=936  1\$aHorward, Donald D.,$edonor$9LOCAL

