=LDR  00644nam a2200181Mi 4500
=008  \\\\\\s1994\\\\xx\\\\\\\\\\\\000\0\\\\\d
=040  \\$aFDA$beng$cFDA
=035  \\$a(FSUSCA)Horward_Row_4_Section_6_2169
=245  00$aEnsign in the Peninsular War /$cW. F. K. Thompson
=264  \1$a[Place of publication not identified] :$bMichael Joseph,$c1994
=300  \\$avolume
=336  \\$atext$btxt$2rdacontent
=337  \\$aunmediated$bn$2rdamedia
=338  \\$avolume$bnc$2rdacarrier
=500  \\$aTitle on spreadsheet: "An Ensign in the Peninsular War"
=590  \\$aHorward Collection$9LOCAL
=700  1\$aThompson, W. F. K.
=936  1\$aHorward, Donald D.,$edonor$9LOCAL

