=LDR  00683nam a2200181Mi 4500
=008  \\\\\\s1929\\\\xx\\\\\\\\\\\\000\0\\\\\d
=040  \\$aFDA$beng$cFDA
=035  \\$a(FSUSCA)Horward_Row_4_Section_7_2527
=245  00$aEra of the French Revolution (1715-1815) /$cLouis R. Gottschalk
=264  \1$a[Place of publication not identified] :$bHoughton Mifflin Company,$c1929
=300  \\$avolume
=336  \\$atext$btxt$2rdacontent
=337  \\$aunmediated$bn$2rdamedia
=338  \\$avolume$bnc$2rdacarrier
=500  \\$aTitle on spreadsheet: "The Era of the French Revolution (1715-1815)"
=590  \\$aHorward Collection$9LOCAL
=700  1\$aGottschalk, Louis R.
=936  1\$aHorward, Donald D.,$edonor$9LOCAL

