=LDR  00729nam a2200181Mi 4500
=008  \\\\\\s2010\\\\xx\\\\\\\\\\\\000\0\\\\\d
=040  \\$aFDA$beng$cFDA
=035  \\$a(FSUSCA)Horward_Row_4_Section_7_2331
=245  00$aEstampas de la Guerra de la Independencia en la Privincia de Salamanca /$cConrad Kent
=264  \1$a[Place of publication not identified] :$bInstituto de las Indentidades,$c2010
=300  \\$avolume
=336  \\$atext$btxt$2rdacontent
=337  \\$aunmediated$bn$2rdamedia
=338  \\$avolume$bnc$2rdacarrier
=500  \\$aTitle on spreadsheet: "Estampas de la Guerra de la Independencia en la Privincia de Salamanca "
=590  \\$aHorward Collection$9LOCAL
=700  1\$aKent, Conrad
=936  1\$aHorward, Donald D.,$edonor$9LOCAL

