=LDR  00710nam a2200193Mi 4500
=008  \\\\\\s1898\\\\xx\\\\\\\\\\\\000\0\\\\\d
=040  \\$aFDA$beng$cFDA
=035  \\$a(FSUSCA)Horward_Row_2_Section_3_537
=245  00$aEtudes Sur la Campagne de 1796-1797 en Italie /$cJ.C.
=264  \1$a[Place of publication not identified] :$bLibrairie Militaire de L. Baudoin,$c1898
=300  \\$avolume
=336  \\$atext$btxt$2rdacontent
=337  \\$aunmediated$bn$2rdamedia
=338  \\$avolume$bnc$2rdacarrier
=500  \\$aTitle on spreadsheet: "Etudes Sur la Campagne de 1796-1797 en Italie"
=500  \\$aMay contain custom binding.
=590  \\$aHorward Collection$9LOCAL
=700  1\$aJ.C.
=936  1\$aHorward, Donald D.,$edonor$9LOCAL

