=LDR  00678nam a2200193Mi 4500
=008  \\\\\\s1913\\\\xx\\\\\\\\\\\\000\0\\\\\d
=040  \\$aFDA$beng$cFDA
=035  \\$a(FSUSCA)Horward_Row_2_Section_3_431
=245  00$aEtude sur les Operations de L'Empereur /$cG. Fabry
=264  \1$a[Place of publication not identified] :$bL. Barneoud et Cie,$c1913
=300  \\$avolume
=336  \\$atext$btxt$2rdacontent
=337  \\$aunmediated$bn$2rdamedia
=338  \\$avolume$bnc$2rdacarrier
=500  \\$aTitle on spreadsheet: "Etude sur les Operations de L'Empereur"
=500  \\$aCustom binding.
=590  \\$aHorward Collection$9LOCAL
=700  1\$aFabry, G.
=936  1\$aHorward, Donald D.,$edonor$9LOCAL

