=LDR  00740nam a2200193Mi 4500
=008  \\\\\\suuuu\\\\xx\\\\\\\\\\\\000\0\\\\\d
=040  \\$aFDA$beng$cFDA
=035  \\$a(FSUSCA)Horward_Row_2_Section_8_1346
=245  00$aEugene de Beauharnais Beau-fils de Napoleon /$cPrince Adalbert de Baviere
=264  \1$a[Place of publication not identified] :$bAlsatia,$c[date of publication not identified]
=300  \\$avolume
=336  \\$atext$btxt$2rdacontent
=337  \\$aunmediated$bn$2rdamedia
=338  \\$avolume$bnc$2rdacarrier
=500  \\$aTitle on spreadsheet: "Eugene de Beauharnais Beau-fils de Napoleon "
=500  \\$aCustom binding.
=590  \\$aHorward Collection$9LOCAL
=700  1\$ade Baviere, Adalbert
=936  1\$aHorward, Donald D.,$edonor$9LOCAL

