=LDR  00636nam a2200181Mi 4500
=008  \\\\\\s1970\\\\xx\\\\\\\\\\\\000\0\\\\\d
=040  \\$aFDA$beng$cFDA
=035  \\$a(FSUSCA)Horward_Row_2_Section_1_30
=245  00$aEurope Against Napoleon /$cBrett-James, Antony
=264  \1$a[Place of publication not identified] :$bSt. Martin's Press,$c1970
=300  \\$avolume
=336  \\$atext$btxt$2rdacontent
=337  \\$aunmediated$bn$2rdamedia
=338  \\$avolume$bnc$2rdacarrier
=500  \\$aTitle on spreadsheet: "Europe Against Napoleon"
=590  \\$aHorward Collection$9LOCAL
=700  1\$aBrett-James, Antony
=936  1\$aHorward, Donald D.,$edonor$9LOCAL

