=LDR  00710nam a2200181Mi 4500
=008  \\\\\\s1981\\\\xx\\\\\\\\\\\\000\0\\\\\d
=040  \\$aFDA$beng$cFDA
=035  \\$a(FSUSCA)Horward_Row_2_Section_2_174
=245  00$aEuropean Diplomatic History 1789-1815, France Against Europe /$cSteven T. Ross
=264  \1$a[Place of publication not identified] :$bKrieger Publishing Comany,$c1981
=300  \\$avolume
=336  \\$atext$btxt$2rdacontent
=337  \\$aunmediated$bn$2rdamedia
=338  \\$avolume$bnc$2rdacarrier
=500  \\$aTitle on spreadsheet: "European Diplomatic History 1789-1815: France Against Europe "
=590  \\$aHorward Collection$9LOCAL
=700  1\$aRoss, Steven T.
=936  1\$aHorward, Donald D.,$edonor$9LOCAL

