=LDR  00702nam a2200181Mi 4500
=008  \\\\\\s1931\\\\xx\\\\\\\\\\\\000\0\\\\\d
=040  \\$aFDA$beng$cFDA
=035  \\$a(FSUSCA)Horward_Row_2_Section_8_1311
=245  00$aEuropean Powers and the Near Eastern Question 1806-1807 /$cPaul F. Shupp
=264  \1$a[Place of publication not identified] :$bColumbia University Press,$c1931
=300  \\$avolume
=336  \\$atext$btxt$2rdacontent
=337  \\$aunmediated$bn$2rdamedia
=338  \\$avolume$bnc$2rdacarrier
=500  \\$aTitle on spreadsheet: "The European Powers and the Near Eastern Question 1806-1807"
=590  \\$aHorward Collection$9LOCAL
=700  1\$aShupp, Paul F.
=936  1\$aHorward, Donald D.,$edonor$9LOCAL

