=LDR  00674nam a2200181Mi 4500
=008  \\\\\\suuuu\\\\xx\\\\\\\\\\\\000\0\\\\\d
=040  \\$aFDA$beng$cFDA
=035  \\$a(FSUSCA)Horward_Row_4_Section_7_2448
=245  00$aEurope in the Age of Napoleon /$cR. B. Mowat
=264  \1$a[Place of publication not identified] :$bRobert M. McBride and Co.,$c[date of publication not identified]
=300  \\$avolume
=336  \\$atext$btxt$2rdacontent
=337  \\$aunmediated$bn$2rdamedia
=338  \\$avolume$bnc$2rdacarrier
=500  \\$aTitle on spreadsheet: "Europe in the Age of Napoleon"
=590  \\$aHorward Collection$9LOCAL
=700  1\$aMowat, R. B.
=936  1\$aHorward, Donald D.,$edonor$9LOCAL

