=LDR  00745nam a2200217Mi 4500
=008  \\\\\\s1998\\\\xx\\\\\\\\\\\\000\0\\\\\d
=040  \\$aFDA$beng$cFDA
=035  \\$a(FSUSCA)Horward_Row_2_Section_9_1549
=245  00$aEurope vijeta Napoleon /$cVijaya Kumar and Ben Weider
=250  \\$aFirst edition
=264  \1$a[Place of publication not identified] :$bNapoleonic Academy of Karnataka,$c1998
=300  \\$avolume
=336  \\$atext$btxt$2rdacontent
=337  \\$aunmediated$bn$2rdamedia
=338  \\$avolume$bnc$2rdacarrier
=500  \\$aTitle on spreadsheet: "Europe vijeta Napoleon"
=500  \\$aWritten in Kannada.
=590  \\$aHorward Collection$9LOCAL
=700  1\$aKumar, Vijaya
=700  1\$aWeider, Ben
=936  1\$aHorward, Donald D.,$edonor$9LOCAL

