=LDR  00626nam a2200181Mi 4500
=008  \\\\\\s1798\\\\xx\\\\\\\\\\\\000\0\\\\\d
=040  \\$aFDA$beng$cFDA
=035  \\$a(FSUSCA)Horward_Row_2_Section_9_1472
=245  00$aExpedition Du General Buonaparte
=250  \\$aNo. 56
=264  \1$a[Place of publication not identified] :$bBureau de la Librarie,$c1798
=300  \\$avolume
=336  \\$atext$btxt$2rdacontent
=337  \\$aunmediated$bn$2rdamedia
=338  \\$avolume$bnc$2rdacarrier
=500  \\$aTitle on spreadsheet: "Expedition Du General Buonaparte "
=590  \\$aHorward Collection$9LOCAL
=936  1\$aHorward, Donald D.,$edonor$9LOCAL

