=LDR  00663nam a2200193Mi 4500
=008  \\\\\\s1815\\\\xx\\\\\\\\\\\\000\0\\\\\d
=040  \\$aFDA$beng$cFDA
=035  \\$a(FSUSCA)Horward_Row_2_Section_4_587
=245  00$aExposicao Veridica, e Sincera /$cF.J.B.
=264  \1$a[Place of publication not identified] :$b[publisher not identified],$c1815
=300  \\$avolume
=336  \\$atext$btxt$2rdacontent
=337  \\$aunmediated$bn$2rdamedia
=338  \\$avolume$bnc$2rdacarrier
=500  \\$aTitle on spreadsheet: "Exposicao Veridica, e Sincera"
=500  \\$aCustom binding.
=590  \\$aHorward Collection$9LOCAL
=700  1\$aF.J.B.
=936  1\$aHorward, Donald D.,$edonor$9LOCAL

