=LDR  00870nam a2200169Mi 4500
=008  \\\\\\s1954\\\\xx\\\\\\\\\\\\000\0\\\\\d
=040  \\$aFDA$beng$cFDA
=035  \\$a(FSUSCA)Horward_Row_2_Section_4_584
=245  00$aExposicion de Libros y Grabados de Arte e Historia Militar y de Documentos del Periodo de la Guerra de la Independencia de la Biblioteca del Palacio de Perelada
=264  \1$a[Place of publication not identified] :$bBiblioteca del Palacio de Peralada,$c1954
=300  \\$avolume
=336  \\$atext$btxt$2rdacontent
=337  \\$aunmediated$bn$2rdamedia
=338  \\$avolume$bnc$2rdacarrier
=500  \\$aTitle on spreadsheet: "Exposicion de Libros y Grabados de Arte e Historia Militar y de Documentos del Periodo de la Guerra de la Independencia de la Biblioteca del Palacio de Perelada"
=590  \\$aHorward Collection$9LOCAL
=936  1\$aHorward, Donald D.,$edonor$9LOCAL

