=LDR  00752nam a2200193Mi 4500
=008  \\\\\\s1895\\\\xx\\\\\\\\\\\\000\0\\\\\d
=040  \\$aFDA$beng$cFDA
=035  \\$a(FSUSCA)Horward_Row_2_Section_3_389
=245  00$aExposition Historique et Militaire de La Revolution et de L'Empire /$cGermain Bapst
=264  \1$a[Place of publication not identified] :$bGalerie des Champs-Elysees,$c1895
=300  \\$avolume
=336  \\$atext$btxt$2rdacontent
=337  \\$aunmediated$bn$2rdamedia
=338  \\$avolume$bnc$2rdacarrier
=500  \\$aTitle on spreadsheet: "Exposition Historique et Militaire de La Revolution et de L'Empire"
=500  \\$aCustom binding.
=590  \\$aHorward Collection$9LOCAL
=700  1\$aBapst, Germain
=936  1\$aHorward, Donald D.,$edonor$9LOCAL

