=LDR  00696nam a2200181Mi 4500
=008  \\\\\\s1952\\\\xx\\\\\\\\\\\\000\0\\\\\d
=040  \\$aFDA$beng$cFDA
=035  \\$a(FSUSCA)Horward_Row_2_Section_4_574
=245  00$aExposition La Paix D'amiens le Concordat le Consulat a Vie /$cJoseph Billiet
=264  \1$a[Place of publication not identified] :$bMusees Nationaux,$c1952
=300  \\$avolume
=336  \\$atext$btxt$2rdacontent
=337  \\$aunmediated$bn$2rdamedia
=338  \\$avolume$bnc$2rdacarrier
=500  \\$aTitle on spreadsheet: "Exposition La Paix D'amiens le Concordat le Consulat a Vie"
=590  \\$aHorward Collection$9LOCAL
=700  1\$aBilliet, Joseph
=936  1\$aHorward, Donald D.,$edonor$9LOCAL

