=LDR  00830nam a2200193Mi 4500
=008  \\\\\\s2007\\\\xx\\\\\\\\\\\\000\0\\\\\d
=040  \\$aFDA$beng$cFDA
=035  \\$a(FSUSCA)Horward_Row_2_Section_11_1910
=245  00$aFall of Napoleon, The Allied Invasion of France, 1813-1814$nVolume 1 /$cMichael V. Leggiere
=264  \1$a[Place of publication not identified] :$bCambridge University Press,$c2007
=300  \\$avolume
=336  \\$atext$btxt$2rdacontent
=337  \\$aunmediated$bn$2rdamedia
=338  \\$avolume$bnc$2rdacarrier
=500  \\$aTitle on spreadsheet: "The Fall of Napoleon: The Allied Invasion of France, 1813-1814 Volume 1 "
=500  \\$aThe Fall of Napoleon: The Allied Invasion of France, 1813-1814 Volume 1
=590  \\$aHorward Collection$9LOCAL
=700  1\$aLeggiere, Michael V.
=936  1\$aHorward, Donald D.,$edonor$9LOCAL

