=LDR  00608nam a2200181Mi 4500
=008  \\\\\\s1994\\\\xx\\\\\\\\\\\\000\0\\\\\d
=040  \\$aFDA$beng$cFDA
=035  \\$a(FSUSCA)Horward_Row_2_Section_9_1453
=245  00$aFatal Knot /$cJohn Lawrence Tone
=264  \1$a[Place of publication not identified] :$bChapel Hill,$c1994
=300  \\$avolume
=336  \\$atext$btxt$2rdacontent
=337  \\$aunmediated$bn$2rdamedia
=338  \\$avolume$bnc$2rdacarrier
=500  \\$aTitle on spreadsheet: "The Fatal Knot"
=590  \\$aHorward Collection$9LOCAL
=700  1\$aTone, John Lawrence
=936  1\$aHorward, Donald D.,$edonor$9LOCAL

