=LDR  00691nam a2200193Mi 4500
=008  \\\\\\s1994\\\\xx\\\\\\\\\\\\000\0\\\\\d
=040  \\$aFDA$beng$cFDA
=035  \\$a(FSUSCA)Horward_Row_4_Section_6_2319
=245  00$aFatal Knot /$cJohn Lawrence Tone
=264  \1$a[Place of publication not identified] :$bUniversity of North Carolina Press,$c1994
=300  \\$avolume
=336  \\$atext$btxt$2rdacontent
=337  \\$aunmediated$bn$2rdamedia
=338  \\$avolume$bnc$2rdacarrier
=500  \\$aTitle on spreadsheet: "The Fatal Knot"
=500  \\$aHorward review and correspondence with AHA.
=590  \\$aHorward Collection$9LOCAL
=700  1\$aTone, John Lawrence
=936  1\$aHorward, Donald D.,$edonor$9LOCAL

