=LDR  00632nam a2200181Mi 4500
=008  \\\\\\s2005\\\\xx\\\\\\\\\\\\000\0\\\\\d
=040  \\$aFDA$beng$cFDA
=035  \\$a(FSUSCA)Horward_Row_4_Section_5_2114
=245  00$aFear and Domination /$cMichael W. Jones
=264  \1$a[Place of publication not identified] :$bUMI Dissertation Services,$c2005
=300  \\$avolume
=336  \\$atext$btxt$2rdacontent
=337  \\$aunmediated$bn$2rdamedia
=338  \\$avolume$bnc$2rdacarrier
=500  \\$aTitle on spreadsheet: "Fear and Domination"
=590  \\$aHorward Collection$9LOCAL
=700  1\$aJones, Michael W.
=936  1\$aHorward, Donald D.,$edonor$9LOCAL

