=LDR  00827nam a2200205Mi 4500
=008  \\\\\\s2005\\\\xx\\\\\\\\\\\\000\0\\\\\d
=040  \\$aFDA$beng$cFDA
=035  \\$a(FSUSCA)Horward_Row_2_Section_11_1866
=245  00$aFeira da Golega, Das Origens a Actualidade Subsidos para a sua Historia /$cPaulo Martins Oliveira
=250  \\$aSecond
=264  \1$a[Place of publication not identified] :$bAssociacao Feira Nacional do Cavalo Municipo de Golega,$c2005
=300  \\$avolume
=336  \\$atext$btxt$2rdacontent
=337  \\$aunmediated$bn$2rdamedia
=338  \\$avolume$bnc$2rdacarrier
=500  \\$aTitle on spreadsheet: "A Feira da Golega: Das Origens a Actualidade Subsidos para a sua Historia"
=500  \\$aSigned.
=590  \\$aHorward Collection$9LOCAL
=700  1\$aOliveira, Paulo Martins
=936  1\$aHorward, Donald D.,$edonor$9LOCAL

