=LDR  00637nam a2200181Mi 4500
=008  \\\\\\s1961\\\\xx\\\\\\\\\\\\000\0\\\\\d
=040  \\$aFDA$beng$cFDA
=035  \\$a(FSUSCA)Horward_Row_2_Section_7_1171
=245  00$aFersen et Marie Antoinette /$cCharles Kunstler
=264  \1$a[Place of publication not identified] :$bLibrary Hachette,$c1961
=300  \\$avolume
=336  \\$atext$btxt$2rdacontent
=337  \\$aunmediated$bn$2rdamedia
=338  \\$avolume$bnc$2rdacarrier
=500  \\$aTitle on spreadsheet: "Fersen et Marie Antoinette"
=590  \\$aHorward Collection$9LOCAL
=700  1\$aKunstler, Charles
=936  1\$aHorward, Donald D.,$edonor$9LOCAL

