=LDR  00728nam a2200193Mi 4500
=008  \\\\\\s1910\\\\xx\\\\\\\\\\\\000\0\\\\\d
=040  \\$aFDA$beng$cFDA
=035  \\$a(FSUSCA)Horward_Row_2_Section_4_572
=245  00$aFigueira e a Invasao Franceza /$cPedro Fernandes Thomas
=264  \1$a[Place of publication not identified] :$b[publisher not identified],$c1910
=300  \\$avolume
=336  \\$atext$btxt$2rdacontent
=337  \\$aunmediated$bn$2rdamedia
=338  \\$avolume$bnc$2rdacarrier
=500  \\$aTitle on spreadsheet: "A Figueira e a Invasao Franceza"
=500  \\$aBook is together but torn. Spin is withering.
=590  \\$aHorward Collection$9LOCAL
=700  1\$aFernandes Thomas, Pedro
=936  1\$aHorward, Donald D.,$edonor$9LOCAL

