=LDR  00628nam a2200181Mi 4500
=008  \\\\\\s1929\\\\xx\\\\\\\\\\\\000\0\\\\\d
=040  \\$aFDA$beng$cFDA
=035  \\$a(FSUSCA)Horward_Row_2_Section_1_68
=245  00$aFigures of the Revolution /$cMadelin, Louis
=264  \1$a[Place of publication not identified] :$bMacaulay Company,$c1929
=300  \\$avolume
=336  \\$atext$btxt$2rdacontent
=337  \\$aunmediated$bn$2rdamedia
=338  \\$avolume$bnc$2rdacarrier
=500  \\$aTitle on spreadsheet: "Figures of the Revolution"
=590  \\$aHorward Collection$9LOCAL
=700  1\$aMadelin, Louis
=936  1\$aHorward, Donald D.,$edonor$9LOCAL

