=LDR  00721nam a2200181Mi 4500
=008  \\\\\\s1964\\\\xx\\\\\\\\\\\\000\0\\\\\d
=040  \\$aFDA$beng$cFDA
=035  \\$a(FSUSCA)Horward_Row_2_Section_11_1925
=245  00$aFirepower, Weapons Effectiveness on the Battlefield, 1630-1850 /$cMajor-General B. P. Hughes
=264  \1$a[Place of publication not identified] :$bArms and Armour Press,$c1964
=300  \\$avolume
=336  \\$atext$btxt$2rdacontent
=337  \\$aunmediated$bn$2rdamedia
=338  \\$avolume$bnc$2rdacarrier
=500  \\$aTitle on spreadsheet: "Firepower: Weapons Effectiveness on the Battlefield, 1630-1850"
=590  \\$aHorward Collection$9LOCAL
=700  1\$aHughes, B. P.
=936  1\$aHorward, Donald D.,$edonor$9LOCAL

