=LDR  00623nam a2200181Mi 4500
=008  \\\\\\s1925\\\\xx\\\\\\\\\\\\000\0\\\\\d
=040  \\$aFDA$beng$cFDA
=035  \\$a(FSUSCA)Horward_Row_2_Section_1_151
=245  00$aFirst Napoleon /$cEarl of Kerry (ed.)
=264  \1$a[Place of publication not identified] :$bHoughton Mifflin Company,$c1925
=300  \\$avolume
=336  \\$atext$btxt$2rdacontent
=337  \\$aunmediated$bn$2rdamedia
=338  \\$avolume$bnc$2rdacarrier
=500  \\$aTitle on spreadsheet: "The First Napoleon"
=590  \\$aHorward Collection$9LOCAL
=700  1\$aEarl of Kerry
=936  1\$aHorward, Donald D.,$edonor$9LOCAL

