=LDR  00641nam a2200193Mi 4500
=008  \\\\\\s1895\\\\xx\\\\\\\\\\\\000\0\\\\\d
=040  \\$aFDA$beng$cFDA
=035  \\$a(FSUSCA)Horward_Row_2_Section_7_1162
=245  00$aFirst Napoleon /$cJohn C. Ropes
=250  \\$a13th Edition
=264  \1$a[Place of publication not identified] :$bHoughton Mifflin,$c1895
=300  \\$avolume
=336  \\$atext$btxt$2rdacontent
=337  \\$aunmediated$bn$2rdamedia
=338  \\$avolume$bnc$2rdacarrier
=500  \\$aTitle on spreadsheet: "The First Napoleon "
=590  \\$aHorward Collection$9LOCAL
=700  1\$aRopes, John C.
=936  1\$aHorward, Donald D.,$edonor$9LOCAL

