=LDR  00795nam a2200193Mi 4500
=008  \\\\\\s1969\\\\xx\\\\\\\\\\\\000\0\\\\\d
=040  \\$aFDA$beng$cFDA
=035  \\$a(FSUSCA)Horward_Row_4_Section_6_2191
=245  00$aFirst Respectable Spy, The Life and Times of Colquhoun Grant, Wellington's Head of Intelligence /$cJock Haswell
=264  \1$a[Place of publication not identified] :$bHamish Hamilton,$c1969
=300  \\$avolume
=336  \\$atext$btxt$2rdacontent
=337  \\$aunmediated$bn$2rdamedia
=338  \\$avolume$bnc$2rdacarrier
=500  \\$aTitle on spreadsheet: "The First Respectable Spy: The Life and Times of Colquhoun Grant, Wellington's Head of Intelligence"
=500  \\$aInvoice.
=590  \\$aHorward Collection$9LOCAL
=700  1\$aHaswell, Jock
=936  1\$aHorward, Donald D.,$edonor$9LOCAL

