=LDR  00698nam a2200181Mi 4500
=008  \\\\\\s1974\\\\xx\\\\\\\\\\\\000\0\\\\\d
=040  \\$aFDA$beng$cFDA
=035  \\$a(FSUSCA)Horward_Row_2_Section_6_920
=245  00$aFishguard Fiasco, An Account of the Last Invasion of Britain /$cJohn Kinross
=264  \1$a[Place of publication not identified] :$bH.G. Walters, Ltd.,$c1974
=300  \\$avolume
=336  \\$atext$btxt$2rdacontent
=337  \\$aunmediated$bn$2rdamedia
=338  \\$avolume$bnc$2rdacarrier
=500  \\$aTitle on spreadsheet: "Fishguard Fiasco: An Account of the Last Invasion of Britain"
=590  \\$aHorward Collection$9LOCAL
=700  1\$aKinross, John
=936  1\$aHorward, Donald D.,$edonor$9LOCAL

