=LDR  00759nam a2200181Mi 4500
=008  \\\\\\s1998\\\\xx\\\\\\\\\\\\000\0\\\\\d
=040  \\$aFDA$beng$cFDA
=035  \\$a(FSUSCA)Horward_Row_4_Section_5_2070
=245  00$aFlags around the Peninsula, the Naval Career of Admiral Sir Charles Cotton /$cPaul Christopher Krajeski
=264  \1$a[Place of publication not identified] :$bFlorida State University,$c1998
=300  \\$avolume
=336  \\$atext$btxt$2rdacontent
=337  \\$aunmediated$bn$2rdamedia
=338  \\$avolume$bnc$2rdacarrier
=500  \\$aTitle on spreadsheet: "Flags around the Peninsula: the Naval Career of Admiral Sir Charles Cotton"
=590  \\$aHorward Collection$9LOCAL
=700  1\$aKrajeski, Paul Christopher
=936  1\$aHorward, Donald D.,$edonor$9LOCAL

