=LDR  00684nam a2200181Mi 4500
=008  \\\\\\s1969\\\\xx\\\\\\\\\\\\000\0\\\\\d
=040  \\$aFDA$beng$cFDA
=035  \\$a(FSUSCA)Horward_Row_2_Section_1_27
=245  00$aForeign Ministers of Alexander I /$cGrimsted, Patricia Kennedy
=264  \1$a[Place of publication not identified] :$bUniversity of California Press,$c1969
=300  \\$avolume
=336  \\$atext$btxt$2rdacontent
=337  \\$aunmediated$bn$2rdamedia
=338  \\$avolume$bnc$2rdacarrier
=500  \\$aTitle on spreadsheet: "The Foreign Ministers of Alexander I"
=590  \\$aHorward Collection$9LOCAL
=700  1\$aGrimsted, Patricia Kennedy
=936  1\$aHorward, Donald D.,$edonor$9LOCAL

