=LDR  00740nam a2200181Mi 4500
=008  \\\\\\s2000\\\\xx\\\\\\\\\\\\000\0\\\\\d
=040  \\$aFDA$beng$cFDA
=035  \\$a(FSUSCA)Horward_Row_4_Section_6_2201
=245  00$aFormative Influences, Theories and Campaigns of the Archduke Carl of Austria /$cLee W. Eysturlid
=264  \1$a[Place of publication not identified] :$bGreenwood Press,$c2000
=300  \\$avolume
=336  \\$atext$btxt$2rdacontent
=337  \\$aunmediated$bn$2rdamedia
=338  \\$avolume$bnc$2rdacarrier
=500  \\$aTitle on spreadsheet: "The Formative Influences, Theories and Campaigns of the Archduke Carl of Austria"
=590  \\$aHorward Collection$9LOCAL
=700  1\$aEysturlid, Lee W.
=936  1\$aHorward, Donald D.,$edonor$9LOCAL

