=LDR  00765nam a2200193Mi 4500
=008  \\\\\\s1840\\\\xx\\\\\\\\\\\\000\0\\\\\d
=040  \\$aFDA$beng$cFDA
=035  \\$a(FSUSCA)Horward_Row_2_Section_4_(Right)_662
=245  00$aFortificato de Paris , Pieces Inedites Dictres par C'Empereur /$cGeneral Pelet?
=264  \1$a[Place of publication not identified] :$b[publisher not identified],$c[1840]
=300  \\$avolume
=336  \\$atext$btxt$2rdacontent
=337  \\$aunmediated$bn$2rdamedia
=338  \\$avolume$bnc$2rdacarrier
=500  \\$aTitle on spreadsheet: "Fortificato de Paris : Pieces Inedites Dictres par C'Empereur"
=500  \\$aMay contain custom binding.
=590  \\$aHorward Collection$9LOCAL
=700  1\$aPelet, General
=936  1\$aHorward, Donald D.,$edonor$9LOCAL

