=LDR  00649nam a2200181Mi 4500
=008  \\\\\\s1971\\\\xx\\\\\\\\\\\\000\0\\\\\d
=040  \\$aFDA$beng$cFDA
=035  \\$a(FSUSCA)Horward_Row_2_Section_10_1737
=245  00$aFouche, The Unprincipled Patriot /$cHubert Cole
=264  \1$a[Place of publication not identified] :$bMcCall Publishing Company,$c1971
=300  \\$avolume
=336  \\$atext$btxt$2rdacontent
=337  \\$aunmediated$bn$2rdamedia
=338  \\$avolume$bnc$2rdacarrier
=500  \\$aTitle on spreadsheet: "Fouche: The Unprincipled Patriot"
=590  \\$aHorward Collection$9LOCAL
=700  1\$aCole, Hubert
=936  1\$aHorward, Donald D.,$edonor$9LOCAL

