=LDR  00648nam a2200193Mi 4500
=008  \\\\\\s1961\\\\xx\\\\\\\\\\\\000\0\\\\\d
=040  \\$aFDA$beng$cFDA
=035  \\$a(FSUSCA)Horward_Row_4_Section_8_2613
=245  00$aFouquier-Tinville /$cLabracherie
=264  \1$a[Place of publication not identified] :$bLibrairie Artheme Fayard,$c1961
=300  \\$avolume
=336  \\$atext$btxt$2rdacontent
=337  \\$aunmediated$bn$2rdamedia
=338  \\$avolume$bnc$2rdacarrier
=500  \\$aTitle on spreadsheet: "Fouquier-Tinville"
=500  \\$aCustom binding.
=590  \\$aHorward Collection$9LOCAL
=710  2\$aLabracherie
=936  1\$aHorward, Donald D.,$edonor$9LOCAL

