=LDR  00676nam a2200181Mi 4500
=008  \\\\\\s1962\\\\xx\\\\\\\\\\\\000\0\\\\\d
=040  \\$aFDA$beng$cFDA
=035  \\$a(FSUSCA)Horward_Row_2_Section_11_1917
=245  00$aFourcroy, chemist and Revolutionary 1755-1809 /$cW. A. Smeaton
=264  \1$a[Place of publication not identified] :$bW. Heffer and Sons LTD,$c1962
=300  \\$avolume
=336  \\$atext$btxt$2rdacontent
=337  \\$aunmediated$bn$2rdamedia
=338  \\$avolume$bnc$2rdacarrier
=500  \\$aTitle on spreadsheet: "Fourcroy: chemist and Revolutionary 1755-1809"
=590  \\$aHorward Collection$9LOCAL
=700  1\$aSmeaton, W. A.
=936  1\$aHorward, Donald D.,$edonor$9LOCAL

