=LDR  00647nam a2200181Mi 4500
=008  \\\\\\s1903\\\\xx\\\\\\\\\\\\000\0\\\\\d
=040  \\$aFDA$beng$cFDA
=035  \\$a(FSUSCA)Horward_Row_2_Section_1_160
=245  00$aFournier's Napoleon the First /$cFournier, August
=264  \1$a[Place of publication not identified] :$bHenry Holt and Company,$c1903
=300  \\$avolume
=336  \\$atext$btxt$2rdacontent
=337  \\$aunmediated$bn$2rdamedia
=338  \\$avolume$bnc$2rdacarrier
=500  \\$aTitle on spreadsheet: "Fournier's Napoleon the First"
=590  \\$aHorward Collection$9LOCAL
=700  1\$aFournier, August
=936  1\$aHorward, Donald D.,$edonor$9LOCAL

