=LDR  00702nam a2200181Mi 4500
=008  \\\\\\s1962\\\\xx\\\\\\\\\\\\000\0\\\\\d
=040  \\$aFDA$beng$cFDA
=035  \\$a(FSUSCA)Horward_Row_2_Section_6_1056
=245  00$aFour Years and Empress, Marie Louise, Second Wife of Napoleon /$cAgnes de Stoeckl
=264  \1$a[Place of publication not identified] :$bJohn Murray,$c1962
=300  \\$avolume
=336  \\$atext$btxt$2rdacontent
=337  \\$aunmediated$bn$2rdamedia
=338  \\$avolume$bnc$2rdacarrier
=500  \\$aTitle on spreadsheet: "Four Years and Empress: Marie Louise, Second Wife of Napoleon"
=590  \\$aHorward Collection$9LOCAL
=700  1\$ade Stoeckl, Agnes
=936  1\$aHorward, Donald D.,$edonor$9LOCAL

