=LDR  00716nam a2200193Mi 4500
=008  \\\\\\s1971\\\\xx\\\\\\\\\\\\000\0\\\\\d
=040  \\$aFDA$beng$cFDA
=035  \\$a(FSUSCA)Horward_Row_2_Section_10_1662
=245  00$aFrance and the Eighteenth Century Corsican Question /$cThadd E. Hall
=264  \1$a[Place of publication not identified] :$bNYU Press,$c1971
=300  \\$avolume
=336  \\$atext$btxt$2rdacontent
=337  \\$aunmediated$bn$2rdamedia
=338  \\$avolume$bnc$2rdacarrier
=500  \\$aTitle on spreadsheet: "France and the Eighteenth Century Corsican Question"
=500  \\$aShipping label at cover.
=590  \\$aHorward Collection$9LOCAL
=700  1\$aHall, Thadd E.
=936  1\$aHorward, Donald D.,$edonor$9LOCAL

