=LDR  00653nam a2200181Mi 4500
=008  \\\\\\s1970\\\\xx\\\\\\\\\\\\000\0\\\\\d
=040  \\$aFDA$beng$cFDA
=035  \\$a(FSUSCA)Horward_Row_2_Section_1_132
=245  00$aFrance in the American Revolution /$cPerkins, James Breck
=264  \1$a[Place of publication not identified] :$bCorner House,$c1970
=300  \\$avolume
=336  \\$atext$btxt$2rdacontent
=337  \\$aunmediated$bn$2rdamedia
=338  \\$avolume$bnc$2rdacarrier
=500  \\$aTitle on spreadsheet: "France in the American Revolution"
=590  \\$aHorward Collection$9LOCAL
=700  1\$aPerkins, James Breck
=936  1\$aHorward, Donald D.,$edonor$9LOCAL

