=LDR  00643nam a2200181Mi 4500
=008  \\\\\\s1987\\\\xx\\\\\\\\\\\\000\0\\\\\d
=040  \\$aFDA$beng$cFDA
=035  \\$a(FSUSCA)Horward_Row_4_Section_7_2432
=245  00$aFrance on the Eve of the Revolution /$cJohn Lough
=264  \1$a[Place of publication not identified] :$bThe Dorsey Press,$c1987
=300  \\$avolume
=336  \\$atext$btxt$2rdacontent
=337  \\$aunmediated$bn$2rdamedia
=338  \\$avolume$bnc$2rdacarrier
=500  \\$aTitle on spreadsheet: "France on the Eve of the Revolution"
=590  \\$aHorward Collection$9LOCAL
=700  1\$aLough, John
=936  1\$aHorward, Donald D.,$edonor$9LOCAL

