=LDR  00745nam a2200181Mi 4500
=008  \\\\\\s1920\\\\xx\\\\\\\\\\\\000\0\\\\\d
=040  \\$aFDA$beng$cFDA
=035  \\$a(FSUSCA)Horward_Row_2_Section_8_1429
=245  00$aFrance Under the Regency wiht a Review of The Administration of Louis XIV /$cJames Breck Perkins
=264  \1$a[Place of publication not identified] :$bHoughton Mifflin Company,$c1920
=300  \\$avolume
=336  \\$atext$btxt$2rdacontent
=337  \\$aunmediated$bn$2rdamedia
=338  \\$avolume$bnc$2rdacarrier
=500  \\$aTitle on spreadsheet: "France Under the Regency wiht a Review of The Administration of Louis XIV"
=590  \\$aHorward Collection$9LOCAL
=700  1\$aPerkins, James Breck
=936  1\$aHorward, Donald D.,$edonor$9LOCAL

