=LDR  00634nam a2200181Mi 4500
=008  \\\\\\s1989\\\\xx\\\\\\\\\\\\000\0\\\\\d
=040  \\$aFDA$beng$cFDA
=035  \\$a(FSUSCA)Horward_Row_2_Section_11_1877
=245  00$aFrench Calvary 1792-1815 /$cDavid Johnson
=264  \1$a[Place of publication not identified] :$bBelmont Publishing,$c1989
=300  \\$avolume
=336  \\$atext$btxt$2rdacontent
=337  \\$aunmediated$bn$2rdamedia
=338  \\$avolume$bnc$2rdacarrier
=500  \\$aTitle on spreadsheet: "The French Calvary 1792-1815"
=590  \\$aHorward Collection$9LOCAL
=700  1\$aJohnson, David
=936  1\$aHorward, Donald D.,$edonor$9LOCAL

