=LDR  00631nam a2200181Mi 4500
=008  \\\\\\s1966\\\\xx\\\\\\\\\\\\000\0\\\\\d
=040  \\$aFDA$beng$cFDA
=035  \\$a(FSUSCA)Horward_Row_2_Section_9_1601
=245  00$aFrench Empire Style /$cAlvar Gonzalez-Palacios
=264  \1$a[Place of publication not identified] :$bHamlyn,$c1966
=300  \\$avolume
=336  \\$atext$btxt$2rdacontent
=337  \\$aunmediated$bn$2rdamedia
=338  \\$avolume$bnc$2rdacarrier
=500  \\$aTitle on spreadsheet: "The French Empire Style"
=590  \\$aHorward Collection$9LOCAL
=700  1\$aGonzalez-Palacios, Alvar
=936  1\$aHorward, Donald D.,$edonor$9LOCAL

