=LDR  00626nam a2200181Mi 4500
=008  \\\\\\s1960\\\\xx\\\\\\\\\\\\000\0\\\\\d
=040  \\$aFDA$beng$cFDA
=035  \\$a(FSUSCA)Horward_Row_4_Section_7_2523
=245  00$aFrench Exiles 1789-1815 /$cMargery Weiner
=264  \1$a[Place of publication not identified] :$bJohn Murray,$c1960
=300  \\$avolume
=336  \\$atext$btxt$2rdacontent
=337  \\$aunmediated$bn$2rdamedia
=338  \\$avolume$bnc$2rdacarrier
=500  \\$aTitle on spreadsheet: "The French Exiles 1789-1815"
=590  \\$aHorward Collection$9LOCAL
=700  1\$aWeiner, Margery
=936  1\$aHorward, Donald D.,$edonor$9LOCAL

