=LDR  00673nam a2200181Mi 4500
=008  \\\\\\s1991\\\\xx\\\\\\\\\\\\000\0\\\\\d
=040  \\$aFDA$beng$cFDA
=035  \\$a(FSUSCA)Horward_Row_2_Section_9_1493
=245  00$aFrench Feminists claim the Rights of Man /$cJoan Wallach Scott
=264  \1$a[Place of publication not identified] :$bWashinton University,$c1991
=300  \\$avolume
=336  \\$atext$btxt$2rdacontent
=337  \\$aunmediated$bn$2rdamedia
=338  \\$avolume$bnc$2rdacarrier
=500  \\$aTitle on spreadsheet: "French Feminists claim the Rights of Man"
=590  \\$aHorward Collection$9LOCAL
=700  1\$aScott, Joan Wallach
=936  1\$aHorward, Donald D.,$edonor$9LOCAL

