=LDR  00655nam a2200193Mi 4500
=008  \\\\\\s1968\\\\xx\\\\\\\\\\\\000\0\\\\\d
=040  \\$aFDA$beng$cFDA
=035  \\$a(FSUSCA)Horward_Row_4_Section_7_2476
=245  00$aFrench Imperial Army /$cRichard K. Riehn
=250  \\$aFifth
=264  \1$a[Place of publication not identified] :$bI/R Miniatures, Inc.,$c1968
=300  \\$avolume
=336  \\$atext$btxt$2rdacontent
=337  \\$aunmediated$bn$2rdamedia
=338  \\$avolume$bnc$2rdacarrier
=500  \\$aTitle on spreadsheet: "The French Imperial Army"
=590  \\$aHorward Collection$9LOCAL
=700  1\$aRiehn, Richard K.
=936  1\$aHorward, Donald D.,$edonor$9LOCAL

