=LDR  00714nam a2200181Mi 4500
=008  \\\\\\s1968\\\\xx\\\\\\\\\\\\000\0\\\\\d
=040  \\$aFDA$beng$cFDA
=035  \\$a(FSUSCA)Horward_Row_2_Section_6_899
=245  00$aFrench Imperial Army, The Campaigns of 1813-1814 and Waterloo /$cRichard K. Riehn
=264  \1$a[Place of publication not identified] :$bI/R Miniatures, Inc.,$c1968
=300  \\$avolume
=336  \\$atext$btxt$2rdacontent
=337  \\$aunmediated$bn$2rdamedia
=338  \\$avolume$bnc$2rdacarrier
=500  \\$aTitle on spreadsheet: "The French Imperial Army: The Campaigns of 1813-1814 and Waterloo"
=590  \\$aHorward Collection$9LOCAL
=700  1\$aRiehn, Richard K.
=936  1\$aHorward, Donald D.,$edonor$9LOCAL

