=LDR  00685nam a2200181Mi 4500
=008  \\\\\\s1963\\\\xx\\\\\\\\\\\\000\0\\\\\d
=040  \\$aFDA$beng$cFDA
=035  \\$a(FSUSCA)Horward_Row_2_Section_10_1701
=245  00$aFrench infantry and Artillery, 1795-1812 /$cRichard K. Riehn
=264  \1$a[Place of publication not identified] :$bImprie/Risley Miniatures, Inc.,,$c1963
=300  \\$avolume
=336  \\$atext$btxt$2rdacontent
=337  \\$aunmediated$bn$2rdamedia
=338  \\$avolume$bnc$2rdacarrier
=500  \\$aTitle on spreadsheet: "The French infantry and Artillery: 1795-1812"
=590  \\$aHorward Collection$9LOCAL
=700  1\$aRiehn, Richard K.
=936  1\$aHorward, Donald D.,$edonor$9LOCAL

