=LDR  00634nam a2200181Mi 4500
=008  \\\\\\s1957\\\\xx\\\\\\\\\\\\000\0\\\\\d
=040  \\$aFDA$beng$cFDA
=035  \\$a(FSUSCA)Horward_Row_4_Section_6_2321
=245  00$aFrench in Italy, 1796-1799 /$cAngus Heriot
=264  \1$a[Place of publication not identified] :$bChatto and Windus,$c1957
=300  \\$avolume
=336  \\$atext$btxt$2rdacontent
=337  \\$aunmediated$bn$2rdamedia
=338  \\$avolume$bnc$2rdacarrier
=500  \\$aTitle on spreadsheet: "The French in Italy, 1796-1799"
=590  \\$aHorward Collection$9LOCAL
=700  1\$aHeriot, Angus
=936  1\$aHorward, Donald D.,$edonor$9LOCAL

