=LDR  00630nam a2200181Mi 4500
=008  \\\\\\s1971\\\\xx\\\\\\\\\\\\000\0\\\\\d
=040  \\$aFDA$beng$cFDA
=035  \\$a(FSUSCA)Horward_Row_4_Section_8_2617
=245  00$aFrench Napoleon Artillery /$cMichael Head
=264  \1$a[Place of publication not identified] :$bAlmark Publications,$c1971
=300  \\$avolume
=336  \\$atext$btxt$2rdacontent
=337  \\$aunmediated$bn$2rdamedia
=338  \\$avolume$bnc$2rdacarrier
=500  \\$aTitle on spreadsheet: "French Napoleon Artillery"
=590  \\$aHorward Collection$9LOCAL
=700  1\$aHead, Michael
=936  1\$aHorward, Donald D.,$edonor$9LOCAL

