=LDR  00672nam a2200181Mi 4500
=008  \\\\\\s1904\\\\xx\\\\\\\\\\\\000\0\\\\\d
=040  \\$aFDA$beng$cFDA
=035  \\$a(FSUSCA)Horward_Row_4_Section_8_2572
=245  00$aFrench Noblesse of the Eighteenth Century /$cColquhoun Grant
=264  \1$a[Place of publication not identified] :$bE.P. Dutton and Co.,$c1904
=300  \\$avolume
=336  \\$atext$btxt$2rdacontent
=337  \\$aunmediated$bn$2rdamedia
=338  \\$avolume$bnc$2rdacarrier
=500  \\$aTitle on spreadsheet: "The French Noblesse of the Eighteenth Century"
=590  \\$aHorward Collection$9LOCAL
=700  1\$aGrant, Colquhoun
=936  1\$aHorward, Donald D.,$edonor$9LOCAL

