=LDR  00621nam a2200181Mi 4500
=008  \\\\\\s1978\\\\xx\\\\\\\\\\\\000\0\\\\\d
=040  \\$aFDA$beng$cFDA
=035  \\$a(FSUSCA)Horward_Row_2_Section_1_40
=245  00$aFrench Revolution /$cJohnson, Douglas
=264  \1$a[Place of publication not identified] :$bG.P. Puthnam Sons,$c1978
=300  \\$avolume
=336  \\$atext$btxt$2rdacontent
=337  \\$aunmediated$bn$2rdamedia
=338  \\$avolume$bnc$2rdacarrier
=500  \\$aTitle on spreadsheet: "The French Revolution"
=590  \\$aHorward Collection$9LOCAL
=700  1\$aJohnson, Douglas
=936  1\$aHorward, Donald D.,$edonor$9LOCAL

