=LDR  00650nam a2200181Mi 4500
=008  \\\\\\s1964\\\\xx\\\\\\\\\\\\000\0\\\\\d
=040  \\$aFDA$beng$cFDA
=035  \\$a(FSUSCA)Horward_Row_2_Section_1_45
=245  00$aFrench Revolution$nvol. 2 /$cLefebvre, Georges
=264  \1$a[Place of publication not identified] :$bColumbia University Press,$c1964
=300  \\$avolume
=336  \\$atext$btxt$2rdacontent
=337  \\$aunmediated$bn$2rdamedia
=338  \\$avolume$bnc$2rdacarrier
=500  \\$aTitle on spreadsheet: "The French Revolution, Volume II"
=590  \\$aHorward Collection$9LOCAL
=700  1\$aLefebvre, Georges
=936  1\$aHorward, Donald D.,$edonor$9LOCAL

