=LDR  00625nam a2200181Mi 4500
=008  \\\\\\s1945\\\\xx\\\\\\\\\\\\000\0\\\\\d
=040  \\$aFDA$beng$cFDA
=035  \\$a(FSUSCA)Horward_Row_2_Section_4_638
=245  00$aFrench Revolution /$cJ. M. Thompson
=264  \1$a[Place of publication not identified] :$bOxford University Press,$c1945
=300  \\$avolume
=336  \\$atext$btxt$2rdacontent
=337  \\$aunmediated$bn$2rdamedia
=338  \\$avolume$bnc$2rdacarrier
=500  \\$aTitle on spreadsheet: "The French Revolution"
=590  \\$aHorward Collection$9LOCAL
=700  1\$aThompson, J. M.
=936  1\$aHorward, Donald D.,$edonor$9LOCAL

