=LDR  00668nam a2200193Mi 4500
=008  \\\\\\s1970\\\\xx\\\\\\\\\\\\000\0\\\\\d
=040  \\$aFDA$beng$cFDA
=035  \\$a(FSUSCA)Horward_Row_2_Section_8_1293
=245  00$aFrench Revolution /$cFrancois Furet and Denis Richet
=264  \1$a[Place of publication not identified] :$bMacmillan Company,$c1970
=300  \\$avolume
=336  \\$atext$btxt$2rdacontent
=337  \\$aunmediated$bn$2rdamedia
=338  \\$avolume$bnc$2rdacarrier
=500  \\$aTitle on spreadsheet: "The French Revolution "
=590  \\$aHorward Collection$9LOCAL
=700  1\$aFuret, Francois
=700  1\$aRichet, Denis
=936  1\$aHorward, Donald D.,$edonor$9LOCAL

