=LDR  00626nam a2200181Mi 4500
=008  \\\\\\s1911\\\\xx\\\\\\\\\\\\000\0\\\\\d
=040  \\$aFDA$beng$cFDA
=035  \\$a(FSUSCA)Horward_Row_2_Section_10_1799
=245  00$aFrench Revolution /$cHilaire Belloc
=264  \1$a[Place of publication not identified] :$bHenry Holt and Company,$c1911
=300  \\$avolume
=336  \\$atext$btxt$2rdacontent
=337  \\$aunmediated$bn$2rdamedia
=338  \\$avolume$bnc$2rdacarrier
=500  \\$aTitle on spreadsheet: "The French Revolution"
=590  \\$aHorward Collection$9LOCAL
=700  1\$aBelloc, Hilaire
=936  1\$aHorward, Donald D.,$edonor$9LOCAL

