=LDR  00646nam a2200181Mi 4500
=008  \\\\\\s1988\\\\xx\\\\\\\\\\\\000\0\\\\\d
=040  \\$aFDA$beng$cFDA
=035  \\$a(FSUSCA)Horward_Row_2_Section_10_1731
=245  00$aFrench Revolution, 1770-1814 /$cFrancois Furet
=264  \1$a[Place of publication not identified] :$bBlackwell Publishers,$c1988
=300  \\$avolume
=336  \\$atext$btxt$2rdacontent
=337  \\$aunmediated$bn$2rdamedia
=338  \\$avolume$bnc$2rdacarrier
=500  \\$aTitle on spreadsheet: "The French Revolution, 1770-1814"
=590  \\$aHorward Collection$9LOCAL
=700  1\$aFuret, Francois
=936  1\$aHorward, Donald D.,$edonor$9LOCAL

