=LDR  00653nam a2200181Mi 4500
=008  \\\\\\s1923\\\\xx\\\\\\\\\\\\000\0\\\\\d
=040  \\$aFDA$beng$cFDA
=035  \\$a(FSUSCA)Horward_Row_2_Section_10_1801
=245  00$aFrench Revolution, 1789-1815 /$cShailer Matthews
=264  \1$a[Place of publication not identified] :$bLongmans, Green and Co.,$c1923
=300  \\$avolume
=336  \\$atext$btxt$2rdacontent
=337  \\$aunmediated$bn$2rdamedia
=338  \\$avolume$bnc$2rdacarrier
=500  \\$aTitle on spreadsheet: "The French Revolution, 1789-1815"
=590  \\$aHorward Collection$9LOCAL
=700  1\$aMatthews, Shailer
=936  1\$aHorward, Donald D.,$edonor$9LOCAL

