=LDR  00719nam a2200193Mi 4500
=008  \\\\\\s1967\\\\xx\\\\\\\\\\\\000\0\\\\\d
=040  \\$aFDA$beng$cFDA
=035  \\$a(FSUSCA)Horward_Row_2_Section_11_1870
=245  00$aFrench Revolution, A Concise History and Interpretation /$cRobert Sobel
=264  \1$a[Place of publication not identified] :$bArdmore Press,$c1967
=300  \\$avolume
=336  \\$atext$btxt$2rdacontent
=337  \\$aunmediated$bn$2rdamedia
=338  \\$avolume$bnc$2rdacarrier
=500  \\$aTitle on spreadsheet: "The French Revolution: A Concise History and Interpretation"
=500  \\$aBroken cover.
=590  \\$aHorward Collection$9LOCAL
=700  1\$aSobel, Robert
=936  1\$aHorward, Donald D.,$edonor$9LOCAL

