=LDR  00675nam a2200181Mi 4500
=008  \\\\\\suuuu\\\\xx\\\\\\\\\\\\000\0\\\\\d
=040  \\$aFDA$beng$cFDA
=035  \\$a(FSUSCA)Horward_Row_4_Section_6_2188
=245  00$aFrench Revolution, A History /$cThomas Carlyle
=264  \1$a[Place of publication not identified] :$bA. L. Burt Company,$c[date of publication not identified]
=300  \\$avolume
=336  \\$atext$btxt$2rdacontent
=337  \\$aunmediated$bn$2rdamedia
=338  \\$avolume$bnc$2rdacarrier
=500  \\$aTitle on spreadsheet: "The French Revolution: A History"
=590  \\$aHorward Collection$9LOCAL
=700  1\$aCarlyle, Thomas
=936  1\$aHorward, Donald D.,$edonor$9LOCAL

