=LDR  00678nam a2200181Mi 4500
=008  \\\\\\s2001\\\\xx\\\\\\\\\\\\000\0\\\\\d
=040  \\$aFDA$beng$cFDA
=035  \\$a(FSUSCA)Horward_Row_4_Section_7_2536
=245  00$aFrench Revolution, A Very Short Introduction /$cWilliam Doyle
=264  \1$a[Place of publication not identified] :$bOxford University Press,$c2001
=300  \\$avolume
=336  \\$atext$btxt$2rdacontent
=337  \\$aunmediated$bn$2rdamedia
=338  \\$avolume$bnc$2rdacarrier
=500  \\$aTitle on spreadsheet: "The French Revolution: A Very Short Introduction"
=590  \\$aHorward Collection$9LOCAL
=700  1\$aDoyle, William
=936  1\$aHorward, Donald D.,$edonor$9LOCAL

