=LDR  00679nam a2200181Mi 4500
=008  \\\\\\s1971\\\\xx\\\\\\\\\\\\000\0\\\\\d
=040  \\$aFDA$beng$cFDA
=035  \\$a(FSUSCA)Horward_Row_4_Section_7_2475
=245  00$aFrench Revolution, Conflict or Continuity? /$cSteven T. Ross
=264  \1$a[Place of publication not identified] :$bHolt, Rinehart and Winston,$c1971
=300  \\$avolume
=336  \\$atext$btxt$2rdacontent
=337  \\$aunmediated$bn$2rdamedia
=338  \\$avolume$bnc$2rdacarrier
=500  \\$aTitle on spreadsheet: "The French Revolution: Conflict or Continuity?"
=590  \\$aHorward Collection$9LOCAL
=700  1\$aRoss, Steven T.
=936  1\$aHorward, Donald D.,$edonor$9LOCAL

