=LDR  00702nam a2200181Mi 4500
=008  \\\\\\s1962\\\\xx\\\\\\\\\\\\000\0\\\\\d
=040  \\$aFDA$beng$cFDA
=035  \\$a(FSUSCA)Horward_Row_2_Section_2_215
=245  00$aFrench Revolution, From its Origins to 1793$nvolume 1 /$cGeorges Lefebvre
=264  \1$a[Place of publication not identified] :$bColumbia University Press,$c1962
=300  \\$avolume
=336  \\$atext$btxt$2rdacontent
=337  \\$aunmediated$bn$2rdamedia
=338  \\$avolume$bnc$2rdacarrier
=500  \\$aTitle on spreadsheet: "The French Revolution: From its Origins to 1793 volume 1"
=590  \\$aHorward Collection$9LOCAL
=700  1\$aLefebvre, Georges
=936  1\$aHorward, Donald D.,$edonor$9LOCAL

