=LDR  00727nam a2200181Mi 4500
=008  \\\\\\s1975\\\\xx\\\\\\\\\\\\000\0\\\\\d
=040  \\$aFDA$beng$cFDA
=035  \\$a(FSUSCA)Horward_Row_2_Section_8_1302
=245  00$aFrench Revolution 1787-1799 From the Storming of the Bastille to Napoleon /$cAlbert Soboul
=264  \1$a[Place of publication not identified] :$bVintage Books,$c1975
=300  \\$avolume
=336  \\$atext$btxt$2rdacontent
=337  \\$aunmediated$bn$2rdamedia
=338  \\$avolume$bnc$2rdacarrier
=500  \\$aTitle on spreadsheet: "The French Revolution 1787-1799 From the Storming of the Bastille to Napoleon "
=590  \\$aHorward Collection$9LOCAL
=700  1\$aSoboul, Albert
=936  1\$aHorward, Donald D.,$edonor$9LOCAL

