=LDR  00704nam a2200181Mi 4500
=008  \\\\\\s1996\\\\xx\\\\\\\\\\\\000\0\\\\\d
=040  \\$aFDA$beng$cFDA
=035  \\$a(FSUSCA)Horward_Row_2_Section_11_2010
=245  00$aFrench Revolution and Human Rights, A Brief Documentary History /$cLynn Hunt
=264  \1$a[Place of publication not identified] :$bSt. Martin's Press,$c1996
=300  \\$avolume
=336  \\$atext$btxt$2rdacontent
=337  \\$aunmediated$bn$2rdamedia
=338  \\$avolume$bnc$2rdacarrier
=500  \\$aTitle on spreadsheet: "The French Revolution and Human Rights: A Brief Documentary History"
=590  \\$aHorward Collection$9LOCAL
=700  1\$aHunt, Lynn
=936  1\$aHorward, Donald D.,$edonor$9LOCAL

