=LDR  00669nam a2200181Mi 4500
=008  \\\\\\s1989\\\\xx\\\\\\\\\\\\000\0\\\\\d
=040  \\$aFDA$beng$cFDA
=035  \\$a(FSUSCA)Horward_Row_4_Section_6_2265
=245  00$aFrench Revolution and Intellectual History /$cJack R. Censer
=264  \1$a[Place of publication not identified] :$bThe Dorsey Press,$c1989
=300  \\$avolume
=336  \\$atext$btxt$2rdacontent
=337  \\$aunmediated$bn$2rdamedia
=338  \\$avolume$bnc$2rdacarrier
=500  \\$aTitle on spreadsheet: "The French Revolution and Intellectual History"
=590  \\$aHorward Collection$9LOCAL
=700  1\$aCenser, Jack R.
=936  1\$aHorward, Donald D.,$edonor$9LOCAL

