=LDR  00764nam a2200193Mi 4500
=008  \\\\\\s1973\\\\xx\\\\\\\\\\\\000\0\\\\\d
=040  \\$aFDA$beng$cFDA
=035  \\$a(FSUSCA)Horward_Row_2_Section_4_590
=245  00$aFrench Revolution and Napoleon Collection at Florida State University /$cDonald D. Horward
=264  \1$a[Place of publication not identified] :$bLibrary of Congress,$c1973
=300  \\$avolume
=336  \\$atext$btxt$2rdacontent
=337  \\$aunmediated$bn$2rdamedia
=338  \\$avolume$bnc$2rdacarrier
=500  \\$aTitle on spreadsheet: "The French Revolution and Napoleon Collection at Florida State University "
=500  \\$aCustom binding.
=590  \\$aHorward Collection$9LOCAL
=700  1\$aHorward, Donald D.
=936  1\$aHorward, Donald D.,$edonor$9LOCAL

