=LDR  00695nam a2200193Mi 4500
=008  \\\\\\s1991\\\\xx\\\\\\\\\\\\000\0\\\\\d
=040  \\$aFDA$beng$cFDA
=035  \\$a(FSUSCA)Horward_Row_2_Section_12_2024
=245  00$aFrench Revolution and Napoleonic Era /$cOwen Connelly
=250  \\$a2nd Edition
=264  \1$a[Place of publication not identified] :$bHolt, Rinehart, Winston Inc,$c1991
=300  \\$avolume
=336  \\$atext$btxt$2rdacontent
=337  \\$aunmediated$bn$2rdamedia
=338  \\$avolume$bnc$2rdacarrier
=500  \\$aTitle on spreadsheet: "The French Revolution and Napoleonic Era"
=590  \\$aHorward Collection$9LOCAL
=700  1\$aConnelly, Owen
=936  1\$aHorward, Donald D.,$edonor$9LOCAL

