=LDR  00641nam a2200181Mi 4500
=008  \\\\\\s1981\\\\xx\\\\\\\\\\\\000\0\\\\\d
=040  \\$aFDA$beng$cFDA
=035  \\$a(FSUSCA)Horward_Row_2_Section_11_1855
=245  00$aFrench Revolution and the Poor /$cAlan Forrest
=264  \1$a[Place of publication not identified] :$bBasil-Blackwell,$c1981
=300  \\$avolume
=336  \\$atext$btxt$2rdacontent
=337  \\$aunmediated$bn$2rdamedia
=338  \\$avolume$bnc$2rdacarrier
=500  \\$aTitle on spreadsheet: "The French Revolution and the Poor"
=590  \\$aHorward Collection$9LOCAL
=700  1\$aForrest, Alan
=936  1\$aHorward, Donald D.,$edonor$9LOCAL

