=LDR  00722nam a2200205Mi 4500
=008  \\\\\\s1989\\\\xx\\\\\\\\\\\\000\0\\\\\d
=040  \\$aFDA$beng$cFDA
=035  \\$a(FSUSCA)Horward_Row_2_Section_12_2025
=245  00$aFrench Revolution Conflicting Interpretations /$cKafker and Laux
=250  \\$a4th Edition
=264  \1$a[Place of publication not identified] :$bKrieger Publishing Co,$c1989
=300  \\$avolume
=336  \\$atext$btxt$2rdacontent
=337  \\$aunmediated$bn$2rdamedia
=338  \\$avolume$bnc$2rdacarrier
=500  \\$aTitle on spreadsheet: "The French Revolution Conflicting Interpretations"
=590  \\$aHorward Collection$9LOCAL
=700  1\$aKafker
=700  1\$aLaux
=936  1\$aHorward, Donald D.,$edonor$9LOCAL

