=LDR  00682nam a2200193Mi 4500
=008  \\\\\\s1968\\\\xx\\\\\\\\\\\\000\0\\\\\d
=040  \\$aFDA$beng$cFDA
=035  \\$a(FSUSCA)Horward_Row_2_Section_10_1688
=245  00$aFrench Revolution - Napoleonic Era /$cOwen Connelly
=264  \1$a[Place of publication not identified] :$bHolt, Rinehart and Winston,$c1968
=300  \\$avolume
=336  \\$atext$btxt$2rdacontent
=337  \\$aunmediated$bn$2rdamedia
=338  \\$avolume$bnc$2rdacarrier
=500  \\$aTitle on spreadsheet: "French Revolution - Napoleonic Era"
=500  \\$aSigned.
=590  \\$aHorward Collection$9LOCAL
=700  1\$aConnelly, Owen
=936  1\$aHorward, Donald D.,$edonor$9LOCAL

