=LDR  00660nam a2200181Mi 4500
=008  \\\\\\s1927\\\\xx\\\\\\\\\\\\000\0\\\\\d
=040  \\$aFDA$beng$cFDA
=035  \\$a(FSUSCA)Horward_Row_4_Section_6_2171
=245  00$aFrench Society in the Eighteenth Century /$cLouis Ducros
=264  \1$a[Place of publication not identified] :$bG. P. Putnam's Sons,$c1927
=300  \\$avolume
=336  \\$atext$btxt$2rdacontent
=337  \\$aunmediated$bn$2rdamedia
=338  \\$avolume$bnc$2rdacarrier
=500  \\$aTitle on spreadsheet: "French Society in the Eighteenth Century"
=590  \\$aHorward Collection$9LOCAL
=700  1\$aDucros, Louis
=936  1\$aHorward, Donald D.,$edonor$9LOCAL

