=LDR  00704nam a2200181Mi 4500
=008  \\\\\\s1979\\\\xx\\\\\\\\\\\\000\0\\\\\d
=040  \\$aFDA$beng$cFDA
=035  \\$a(FSUSCA)Horward_Row_2_Section_1_41
=245  00$aFrench Veteran from the Revolution to the Restoration /$cWoloch, Isser
=264  \1$a[Place of publication not identified] :$bUniversity of North Carolina Press,$c1979
=300  \\$avolume
=336  \\$atext$btxt$2rdacontent
=337  \\$aunmediated$bn$2rdamedia
=338  \\$avolume$bnc$2rdacarrier
=500  \\$aTitle on spreadsheet: "The French Veteran from the Revolution to the Restoration"
=590  \\$aHorward Collection$9LOCAL
=700  1\$aWoloch, Isser
=936  1\$aHorward, Donald D.,$edonor$9LOCAL

