=LDR  00740nam a2200193Mi 4500
=008  \\\\\\s2001\\\\xx\\\\\\\\\\\\000\0\\\\\d
=040  \\$aFDA$beng$cFDA
=035  \\$a(FSUSCA)Horward_Row_2_Section_10_1761
=245  00$aFrench Wars 1792-1815 /$cCharles D. Esdalle
=264  \1$a[Place of publication not identified] :$bRoutledge Taylor and Francis Group,$c2001
=300  \\$avolume
=336  \\$atext$btxt$2rdacontent
=337  \\$aunmediated$bn$2rdamedia
=338  \\$avolume$bnc$2rdacarrier
=500  \\$aTitle on spreadsheet: "The French Wars 1792-1815"
=500  \\$aSigned and Letter from the University of Liverpool School of History.
=590  \\$aHorward Collection$9LOCAL
=700  1\$aEsdalle, Charles D.
=936  1\$aHorward, Donald D.,$edonor$9LOCAL

