=LDR  00675nam a2200181Mi 4500
=008  \\\\\\s1984\\\\xx\\\\\\\\\\\\000\0\\\\\d
=040  \\$aFDA$beng$cFDA
=035  \\$a(FSUSCA)Horward_Row_2_Section_6_1060
=245  00$aFrench Women and the Age of Enlightenment /$cSamia I. Spencer
=264  \1$a[Place of publication not identified] :$bIndiana University Press,$c1984
=300  \\$avolume
=336  \\$atext$btxt$2rdacontent
=337  \\$aunmediated$bn$2rdamedia
=338  \\$avolume$bnc$2rdacarrier
=500  \\$aTitle on spreadsheet: "French Women and the Age of Enlightenment"
=590  \\$aHorward Collection$9LOCAL
=700  1\$aSpencer, Samia I.
=936  1\$aHorward, Donald D.,$edonor$9LOCAL

