=LDR  00703nam a2200181Mi 4500
=008  \\\\\\s1992\\\\xx\\\\\\\\\\\\000\0\\\\\d
=040  \\$aFDA$beng$cFDA
=035  \\$a(FSUSCA)Horward_Row_4_Section_5_2146
=245  00$aFriedrich Wilhelm Von Bulow and the Campaign of 1815 /$cMichael V. Leggiere
=264  \1$a[Place of publication not identified] :$bFlorida State University,$c1992
=300  \\$avolume
=336  \\$atext$btxt$2rdacontent
=337  \\$aunmediated$bn$2rdamedia
=338  \\$avolume$bnc$2rdacarrier
=500  \\$aTitle on spreadsheet: "Friedrich Wilhelm Von Bulow and the Campaign of 1815"
=590  \\$aHorward Collection$9LOCAL
=700  1\$aLeggiere, Michael V.
=936  1\$aHorward, Donald D.,$edonor$9LOCAL

