=LDR  00783nam a2200181Mi 4500
=008  \\\\\\s1998\\\\xx\\\\\\\\\\\\000\0\\\\\d
=040  \\$aFDA$beng$cFDA
=035  \\$a(FSUSCA)Horward_Row_4_Section_5_2109
=245  00$aFrom Rags To Riches, America's French Party and America's Napoleon Bonaparte from 1796 to 1801 /$cMatthew Q. Dawson
=264  \1$a[Place of publication not identified] :$bFlorida State University,$c1998
=300  \\$avolume
=336  \\$atext$btxt$2rdacontent
=337  \\$aunmediated$bn$2rdamedia
=338  \\$avolume$bnc$2rdacarrier
=500  \\$aTitle on spreadsheet: "From Rags To Riches: America's French Party and America's Napoleon Bonaparte from 1796 to 1801"
=590  \\$aHorward Collection$9LOCAL
=700  1\$aDawson, Matthew Q.
=936  1\$aHorward, Donald D.,$edonor$9LOCAL

