=LDR  00644nam a2200181Mi 4500
=008  \\\\\\s1971\\\\xx\\\\\\\\\\\\000\0\\\\\d
=040  \\$aFDA$beng$cFDA
=035  \\$a(FSUSCA)Horward_Row_4_Section_7_2429
=245  00$aGaleria dos Prelados de Evora /$cJ. Alcantara Guerreiro
=264  \1$a[Place of publication not identified] :$bEvora,$c1971
=300  \\$avolume
=336  \\$atext$btxt$2rdacontent
=337  \\$aunmediated$bn$2rdamedia
=338  \\$avolume$bnc$2rdacarrier
=500  \\$aTitle on spreadsheet: "Galeria dos Prelados de Evora"
=590  \\$aHorward Collection$9LOCAL
=700  1\$aGuerreiro, J. Alcantara
=936  1\$aHorward, Donald D.,$edonor$9LOCAL

