=LDR  00701nam a2200181Mi 4500
=008  \\\\\\s1963\\\\xx\\\\\\\\\\\\000\0\\\\\d
=040  \\$aFDA$beng$cFDA
=035  \\$a(FSUSCA)Horward_Row_2_Section_10_1707
=245  00$aGalloping Third, The Story of the 3rd The King's Own Hussars /$cHector Bolitho
=264  \1$a[Place of publication not identified] :$bJohn Murray,$c1963
=300  \\$avolume
=336  \\$atext$btxt$2rdacontent
=337  \\$aunmediated$bn$2rdamedia
=338  \\$avolume$bnc$2rdacarrier
=500  \\$aTitle on spreadsheet: "The Galloping Third: The Story of the 3rd The King's Own Hussars"
=590  \\$aHorward Collection$9LOCAL
=700  1\$aBolitho, Hector
=936  1\$aHorward, Donald D.,$edonor$9LOCAL

