=LDR  00664nam a2200181Mi 4500
=008  \\\\\\s1961\\\\xx\\\\\\\\\\\\000\0\\\\\d
=040  \\$aFDA$beng$cFDA
=035  \\$a(FSUSCA)Horward_Row_2_Section_8_1280
=245  00$aGamble Bonaparte in Italy 1796-1797 /$cGugliemo Ferrero
=264  \1$a[Place of publication not identified] :$bG. Bell and Sons LTD.,$c1961
=300  \\$avolume
=336  \\$atext$btxt$2rdacontent
=337  \\$aunmediated$bn$2rdamedia
=338  \\$avolume$bnc$2rdacarrier
=500  \\$aTitle on spreadsheet: "The Gamble Bonaparte in Italy 1796-1797"
=590  \\$aHorward Collection$9LOCAL
=700  1\$aFerrero, Gugliemo
=936  1\$aHorward, Donald D.,$edonor$9LOCAL

