=LDR  00704nam a2200181Mi 4500
=008  \\\\\\s1955\\\\xx\\\\\\\\\\\\000\0\\\\\d
=040  \\$aFDA$beng$cFDA
=035  \\$a(FSUSCA)Horward_Row_2_Section_4_615
=245  00$aGaspar Melchor de Jovellanos Diarios$nVolume 3 /$cJose Maria Martinez Cachero
=264  \1$a[Place of publication not identified] :$bInstituto de Estudios Asturianos,$c1955
=300  \\$avolume
=336  \\$atext$btxt$2rdacontent
=337  \\$aunmediated$bn$2rdamedia
=338  \\$avolume$bnc$2rdacarrier
=500  \\$aTitle on spreadsheet: "Gaspar Melchor de Jovellanos Diarios"
=590  \\$aHorward Collection$9LOCAL
=700  1\$aMartinez Cachero, Jose Maria
=936  1\$aHorward, Donald D.,$edonor$9LOCAL

