=LDR  00715nam a2200181Mi 4500
=008  \\\\\\s1997\\\\xx\\\\\\\\\\\\000\0\\\\\d
=040  \\$aFDA$beng$cFDA
=035  \\$a(FSUSCA)Horward_Row_2_Section_8_1282
=245  00$aGeneral Alexandre Dumas Soldier of the French Revolution /$cJohn G. Gallaher
=264  \1$a[Place of publication not identified] :$bSouthern Illinois University Press,$c1997
=300  \\$avolume
=336  \\$atext$btxt$2rdacontent
=337  \\$aunmediated$bn$2rdamedia
=338  \\$avolume$bnc$2rdacarrier
=500  \\$aTitle on spreadsheet: "General Alexandre Dumas Soldier of the French Revolution"
=590  \\$aHorward Collection$9LOCAL
=700  1\$aGallaher, John G.
=936  1\$aHorward, Donald D.,$edonor$9LOCAL

