=LDR  00689nam a2200181Mi 4500
=008  \\\\\\s1891\\\\xx\\\\\\\\\\\\000\0\\\\\d
=040  \\$aFDA$beng$cFDA
=035  \\$a(FSUSCA)Horward_Row_2_Section_9_1610
=245  00$aGeneral Craufurd and his Light Division /$cAlexander H. Craufurd
=264  \1$a[Place of publication not identified] :$bGriffith Farran Okeden and Welsh,$c1891
=300  \\$avolume
=336  \\$atext$btxt$2rdacontent
=337  \\$aunmediated$bn$2rdamedia
=338  \\$avolume$bnc$2rdacarrier
=500  \\$aTitle on spreadsheet: "General Craufurd and his Light Division"
=590  \\$aHorward Collection$9LOCAL
=700  1\$aCraufurd, Alexander H.
=936  1\$aHorward, Donald D.,$edonor$9LOCAL

