=LDR  00825nam a2200193Mi 4500
=008  \\\\\\s1963\\\\xx\\\\\\\\\\\\000\0\\\\\d
=040  \\$aFDA$beng$cFDA
=035  \\$a(FSUSCA)Horward_Row_2_Section_3_469
=245  00$aGeneral de Bataille Charles Antoine Louis Morand Generaux Friant et Gudin du 3 Corps de la Grande Armee /$cGeorges Rivollet
=264  \1$a[Place of publication not identified] :$bJ. Peyronnet et Cie,$c1963
=300  \\$avolume
=336  \\$atext$btxt$2rdacontent
=337  \\$aunmediated$bn$2rdamedia
=338  \\$avolume$bnc$2rdacarrier
=500  \\$aTitle on spreadsheet: "General de Bataille Charles Antoine Louis Morand Generaux Friant et Gudin du 3 Corps de la Grande Armee"
=500  \\$aCustom binding.
=590  \\$aHorward Collection$9LOCAL
=700  1\$aRivollet, Georges
=936  1\$aHorward, Donald D.,$edonor$9LOCAL

