=LDR  00620nam a2200181Mi 4500
=008  \\\\\\s1959\\\\xx\\\\\\\\\\\\000\0\\\\\d
=040  \\$aFDA$beng$cFDA
=035  \\$a(FSUSCA)Horward_Row_2_Section_9_1521
=245  00$aGeneral Graham /$cAnthony Brett James
=264  \1$a[Place of publication not identified] :$bSt. Martin Press,$c1959
=300  \\$avolume
=336  \\$atext$btxt$2rdacontent
=337  \\$aunmediated$bn$2rdamedia
=338  \\$avolume$bnc$2rdacarrier
=500  \\$aTitle on spreadsheet: "General Graham "
=590  \\$aHorward Collection$9LOCAL
=700  1\$aJames, Anthony Brett
=936  1\$aHorward, Donald D.,$edonor$9LOCAL

