=LDR  00678nam a2200181Mi 4500
=008  \\\\\\s1969\\\\xx\\\\\\\\\\\\000\0\\\\\d
=040  \\$aFDA$beng$cFDA
=035  \\$a(FSUSCA)Horward_Row_2_Section_12_2044
=245  00$aGeneral Louis-Henri Loison, The Early Years /$cDonald H. Barry
=264  \1$a[Place of publication not identified] :$bFlorida State University,$c1969
=300  \\$avolume
=336  \\$atext$btxt$2rdacontent
=337  \\$aunmediated$bn$2rdamedia
=338  \\$avolume$bnc$2rdacarrier
=500  \\$aTitle on spreadsheet: "General Louis-Henri Loison: The Early Years"
=590  \\$aHorward Collection$9LOCAL
=700  1\$aBarry, Donald H.
=936  1\$aHorward, Donald D.,$edonor$9LOCAL

