=LDR  00664nam a2200181Mi 4500
=008  \\\\\\s2006\\\\xx\\\\\\\\\\\\000\0\\\\\d
=040  \\$aFDA$beng$cFDA
=035  \\$a(FSUSCA)Horward_Row_4_Section_5_2140
=245  00$aGeneral Paul Thiebault His Life and His Legacy /$cSigler
=264  \1$a[Place of publication not identified] :$bFlorida State University,$c2006
=300  \\$avolume
=336  \\$atext$btxt$2rdacontent
=337  \\$aunmediated$bn$2rdamedia
=338  \\$avolume$bnc$2rdacarrier
=500  \\$aTitle on spreadsheet: "General Paul Thiebault His Life and His Legacy"
=590  \\$aHorward Collection$9LOCAL
=700  1\$aSigler
=936  1\$aHorward, Donald D.,$edonor$9LOCAL

