=LDR  00717nam a2200181Mi 4500
=008  \\\\\\s1968\\\\xx\\\\\\\\\\\\000\0\\\\\d
=040  \\$aFDA$beng$cFDA
=035  \\$a(FSUSCA)Horward_Row_2_Section_8_1409
=245  00$aGentle Bonaparte A Biography of Joseph, Napoleon's Elder Brother /$cOwen Connelly
=264  \1$a[Place of publication not identified] :$bThe Macmillan Company,$c1968
=300  \\$avolume
=336  \\$atext$btxt$2rdacontent
=337  \\$aunmediated$bn$2rdamedia
=338  \\$avolume$bnc$2rdacarrier
=500  \\$aTitle on spreadsheet: "The Gentle Bonaparte A Biography of Joseph, Napoleon's Elder Brother "
=590  \\$aHorward Collection$9LOCAL
=700  1\$aConnelly, Owen
=936  1\$aHorward, Donald D.,$edonor$9LOCAL

