=LDR  00651nam a2200193Mi 4500
=008  \\\\\\s1961\\\\xx\\\\\\\\\\\\000\0\\\\\d
=040  \\$aFDA$beng$cFDA
=035  \\$a(FSUSCA)Horward_Row_2_Section_10_1675
=245  00$aGlorious First of June /$cOliver Warner
=264  \1$a[Place of publication not identified] :$bB. T. Batsford,$c1961
=300  \\$avolume
=336  \\$atext$btxt$2rdacontent
=337  \\$aunmediated$bn$2rdamedia
=338  \\$avolume$bnc$2rdacarrier
=500  \\$aTitle on spreadsheet: "The Glorious First of June"
=500  \\$aReceipt?
=590  \\$aHorward Collection$9LOCAL
=700  1\$aWarner, Oliver
=936  1\$aHorward, Donald D.,$edonor$9LOCAL

