=LDR  00711nam a2200181Mi 4500
=008  \\\\\\s2005\\\\xx\\\\\\\\\\\\000\0\\\\\d
=040  \\$aFDA$beng$cFDA
=035  \\$a(FSUSCA)Horward_Row_4_Section_5_2087
=245  00$aGlory Overshadowed, The Military Career of General Jean Boudet /$cMonica Fouche
=264  \1$a[Place of publication not identified] :$bFlorida State University,$c2005
=300  \\$avolume
=336  \\$atext$btxt$2rdacontent
=337  \\$aunmediated$bn$2rdamedia
=338  \\$avolume$bnc$2rdacarrier
=500  \\$aTitle on spreadsheet: "Glory Overshadowed: The Military Career of General Jean Boudet"
=590  \\$aHorward Collection$9LOCAL
=700  1\$aFouche, Monica
=936  1\$aHorward, Donald D.,$edonor$9LOCAL

