=LDR  00663nam a2200181Mi 4500
=008  \\\\\\s1953\\\\xx\\\\\\\\\\\\000\0\\\\\d
=040  \\$aFDA$beng$cFDA
=035  \\$a(FSUSCA)Horward_Row_4_Section_6_2155
=245  00$aGodoy, Master of Spain 1792-1808 /$cJacques Chastenet, C.B.E.
=264  \1$a[Place of publication not identified] :$bThe Batchworth Press,$c1953
=300  \\$avolume
=336  \\$atext$btxt$2rdacontent
=337  \\$aunmediated$bn$2rdamedia
=338  \\$avolume$bnc$2rdacarrier
=500  \\$aTitle on spreadsheet: "Godoy: Master of Spain 1792-1808"
=590  \\$aHorward Collection$9LOCAL
=700  1\$aChastenet, Jacques
=936  1\$aHorward, Donald D.,$edonor$9LOCAL

