=LDR  00711nam a2200181Mi 4500
=008  \\\\\\s1979\\\\xx\\\\\\\\\\\\000\0\\\\\d
=040  \\$aFDA$beng$cFDA
=035  \\$a(FSUSCA)Horward_Row_2_Section_11_1943
=245  00$aGrand Expedition, The British Invasion of Holland in 1809 /$cGordon C. Bond
=264  \1$a[Place of publication not identified] :$bUniversity of Georgia Press,$c1979
=300  \\$avolume
=336  \\$atext$btxt$2rdacontent
=337  \\$aunmediated$bn$2rdamedia
=338  \\$avolume$bnc$2rdacarrier
=500  \\$aTitle on spreadsheet: "The Grand Expedition: The British Invasion of Holland in 1809"
=590  \\$aHorward Collection$9LOCAL
=700  1\$aBond, Gordon C.
=936  1\$aHorward, Donald D.,$edonor$9LOCAL

