=LDR  00724nam a2200181Mi 4500
=008  \\\\\\s1891\\\\xx\\\\\\\\\\\\000\0\\\\\d
=040  \\$aFDA$beng$cFDA
=035  \\$a(FSUSCA)Horward_Row_2_Section_8_1294
=245  00$aGreat Commanders of Modern Times and the Campaign of 1815 /$cWilliam O'Connot Morris
=264  \1$a[Place of publication not identified] :$bW.H. Allen and Co., Limited,$c1891
=300  \\$avolume
=336  \\$atext$btxt$2rdacontent
=337  \\$aunmediated$bn$2rdamedia
=338  \\$avolume$bnc$2rdacarrier
=500  \\$aTitle on spreadsheet: "Great Commanders of Modern Times and the Campaign of 1815"
=590  \\$aHorward Collection$9LOCAL
=700  1\$aMorris, William O'Connot
=936  1\$aHorward, Donald D.,$edonor$9LOCAL

