=LDR  00637nam a2200181Mi 4500
=008  \\\\\\s1972\\\\xx\\\\\\\\\\\\000\0\\\\\d
=040  \\$aFDA$beng$cFDA
=035  \\$a(FSUSCA)Horward_Row_2_Section_8_1421
=245  00$aGreat Military Sieges /$cVezio Melegari
=264  \1$a[Place of publication not identified] :$bThomas Y. Crowell Company,$c1972
=300  \\$avolume
=336  \\$atext$btxt$2rdacontent
=337  \\$aunmediated$bn$2rdamedia
=338  \\$avolume$bnc$2rdacarrier
=500  \\$aTitle on spreadsheet: "The Great Military Sieges "
=590  \\$aHorward Collection$9LOCAL
=700  1\$aMelegari, Vezio
=936  1\$aHorward, Donald D.,$edonor$9LOCAL

