=LDR  00609nam a2200181Mi 4500
=008  \\\\\\s1963\\\\xx\\\\\\\\\\\\000\0\\\\\d
=040  \\$aFDA$beng$cFDA
=035  \\$a(FSUSCA)Horward_Row_4_Section_7_2341
=245  00$aGreat Sea Battles /$cOliver Warner
=264  \1$a[Place of publication not identified] :$bSpring Books,$c1963
=300  \\$avolume
=336  \\$atext$btxt$2rdacontent
=337  \\$aunmediated$bn$2rdamedia
=338  \\$avolume$bnc$2rdacarrier
=500  \\$aTitle on spreadsheet: "Great Sea Battles"
=590  \\$aHorward Collection$9LOCAL
=700  1\$aWarner, Oliver
=936  1\$aHorward, Donald D.,$edonor$9LOCAL

