=LDR  00636nam a2200181Mi 4500
=008  \\\\\\s1910\\\\xx\\\\\\\\\\\\000\0\\\\\d
=040  \\$aFDA$beng$cFDA
=035  \\$a(FSUSCA)Horward_Row_2_Section_2_219
=245  00$aGrowth of Napoleon /$cNorwood Young
=264  \1$a[Place of publication not identified] :$bJohn Murray, Albemarle Street, W.,$c1910
=300  \\$avolume
=336  \\$atext$btxt$2rdacontent
=337  \\$aunmediated$bn$2rdamedia
=338  \\$avolume$bnc$2rdacarrier
=500  \\$aTitle on spreadsheet: "The Growth of Napoleon "
=590  \\$aHorward Collection$9LOCAL
=700  1\$aYoung, Norwood
=936  1\$aHorward, Donald D.,$edonor$9LOCAL

