=LDR  00646nam a2200193Mi 4500
=008  \\\\\\s1908\\\\xx\\\\\\\\\\\\000\0\\\\\d
=040  \\$aFDA$beng$cFDA
=035  \\$a(FSUSCA)Horward_Row_2_Section_5_855
=245  00$aGuerra Peninsular /$cM. Pinheiro Chagas
=264  \1$a[Place of publication not identified] :$bLisboa,$c1908
=300  \\$avolume
=336  \\$atext$btxt$2rdacontent
=337  \\$aunmediated$bn$2rdamedia
=338  \\$avolume$bnc$2rdacarrier
=500  \\$aTitle on spreadsheet: "A Guerra Peninsular"
=500  \\$aCustom binding.
=590  \\$aHorward Collection$9LOCAL
=700  1\$aChagas, M. Pinheiro
=936  1\$aHorward, Donald D.,$edonor$9LOCAL

