=LDR  00682nam a2200193Mi 4500
=008  \\\\\\s2007\\\\xx\\\\\\\\\\\\000\0\\\\\d
=040  \\$aFDA$beng$cFDA
=035  \\$a(FSUSCA)Horward_Row_2_Section_9_1485
=245  00$aGuerra Peninsular 200 Anos /$cJorge Couto
=264  \1$a[Place of publication not identified] :$bBiblioteca Nacional de Portugal,$c2007
=300  \\$avolume
=336  \\$atext$btxt$2rdacontent
=337  \\$aunmediated$bn$2rdamedia
=338  \\$avolume$bnc$2rdacarrier
=500  \\$aTitle on spreadsheet: "Guerra Peninsular 200 Anos"
=500  \\$aLarge postcards inside.
=590  \\$aHorward Collection$9LOCAL
=700  1\$aCouto, Jorge
=936  1\$aHorward, Donald D.,$edonor$9LOCAL

