=LDR  00789nam a2200193Mi 4500
=008  \\\\\\s1892\\\\xx\\\\\\\\\\\\000\0\\\\\d
=040  \\$aFDA$beng$cFDA
=035  \\$a(FSUSCA)Horward_Row_2_Section_3_529
=245  00$aGuerre D'Espagne, Extrait des Souvenirs Inedits du General Jomini (1808-1814) /$cFerdinand Lecomte
=264  \1$a[Place of publication not identified] :$bLibrairie Militaire de L. Baudoin,$c1892
=300  \\$avolume
=336  \\$atext$btxt$2rdacontent
=337  \\$aunmediated$bn$2rdamedia
=338  \\$avolume$bnc$2rdacarrier
=500  \\$aTitle on spreadsheet: "Guerre D'Espagne, Extrait des Souvenirs Inedits du General Jomini (1808-1814)"
=500  \\$aCustom binding.
=590  \\$aHorward Collection$9LOCAL
=700  1\$aLecomte, Ferdinand
=936  1\$aHorward, Donald D.,$edonor$9LOCAL

