=LDR  00648nam a2200181Mi 4500
=008  \\\\\\s1832\\\\xx\\\\\\\\\\\\000\0\\\\\d
=040  \\$aFDA$beng$cFDA
=035  \\$a(FSUSCA)Horward_Row_2_Section_9_1495
=245  00$aGuerres de Napoleon - Plans /$cGeneral Baron de Jomini
=264  \1$a[Place of publication not identified] :$bLibrairie Militaire,$c1832
=300  \\$avolume
=336  \\$atext$btxt$2rdacontent
=337  \\$aunmediated$bn$2rdamedia
=338  \\$avolume$bnc$2rdacarrier
=500  \\$aTitle on spreadsheet: "Guerres de Napoleon - Plans"
=590  \\$aHorward Collection$9LOCAL
=700  1\$ade Jomini, Baron
=936  1\$aHorward, Donald D.,$edonor$9LOCAL

