=LDR  00696nam a2200181Mi 4500
=008  \\\\\\s1965\\\\xx\\\\\\\\\\\\000\0\\\\\d
=040  \\$aFDA$beng$cFDA
=035  \\$a(FSUSCA)Horward_Row_4_Section_7_2360
=245  00$aGuia de Portugal$nVol. IV /$cFundacao Calouste Gulbenkian
=264  \1$a[Place of publication not identified] :$bNas Oficinas Graficas,$c1965
=300  \\$avolume
=336  \\$atext$btxt$2rdacontent
=337  \\$aunmediated$bn$2rdamedia
=338  \\$avolume$bnc$2rdacarrier
=500  \\$aTitle on spreadsheet: "Guia de Portugal, Vol. IV: Entre Douro e Minho, II. Minho"
=590  \\$aHorward Collection$9LOCAL
=700  1\$aGulbenkian, Fundacao Calouste
=936  1\$aHorward, Donald D.,$edonor$9LOCAL

