=LDR  00664nam a2200193Mi 4500
=008  \\\\\\s1982\\\\xx\\\\\\\\\\\\000\0\\\\\d
=040  \\$aFDA$beng$cFDA
=035  \\$a(FSUSCA)Horward_Row_2_Section_8_1444
=245  00$aHayden-Museum /$cEisenstadt (translation by Dr. Gunther Stefantis)
=264  \1$a[Place of publication not identified] :$bDoncses,$c1982
=300  \\$avolume
=336  \\$atext$btxt$2rdacontent
=337  \\$aunmediated$bn$2rdamedia
=338  \\$avolume$bnc$2rdacarrier
=500  \\$aTitle on spreadsheet: "Hayden-Museum "
=590  \\$aHorward Collection$9LOCAL
=700  1\$aEisenstadt
=700  1\$aStefantis, Gunther
=936  1\$aHorward, Donald D.,$edonor$9LOCAL

