=LDR  00644nam a2200181Mi 4500
=008  \\\\\\s1963\\\\xx\\\\\\\\\\\\000\0\\\\\d
=040  \\$aFDA$beng$cFDA
=035  \\$a(FSUSCA)Horward_Row_4_Section_7_2550
=245  00$aHaydn, A Creative Life in Music /$cKarl Geiringer
=264  \1$a[Place of publication not identified] :$bDoubleday and Co.,$c1963
=300  \\$avolume
=336  \\$atext$btxt$2rdacontent
=337  \\$aunmediated$bn$2rdamedia
=338  \\$avolume$bnc$2rdacarrier
=500  \\$aTitle on spreadsheet: "Haydn: A Creative Life in Music"
=590  \\$aHorward Collection$9LOCAL
=700  1\$aGeiringer, Karl
=936  1\$aHorward, Donald D.,$edonor$9LOCAL

