=LDR  00621nam a2200181Mi 4500
=008  \\\\\\s1969\\\\xx\\\\\\\\\\\\000\0\\\\\d
=040  \\$aFDA$beng$cFDA
=035  \\$a(FSUSCA)Horward_Row_2_Section_7_1208
=245  00$aHighland Light Infantry /$cL. B. Oats
=264  \1$a[Place of publication not identified] :$bLeo Cooper Ltd,$c1969
=300  \\$avolume
=336  \\$atext$btxt$2rdacontent
=337  \\$aunmediated$bn$2rdamedia
=338  \\$avolume$bnc$2rdacarrier
=500  \\$aTitle on spreadsheet: "The Highland Light Infantry"
=590  \\$aHorward Collection$9LOCAL
=700  1\$aOats, L. B.
=936  1\$aHorward, Donald D.,$edonor$9LOCAL

