=LDR  00585nam a2200181Mi 4500
=008  \\\\\\s1993\\\\xx\\\\\\\\\\\\000\0\\\\\d
=040  \\$aFDA$beng$cFDA
=035  \\$a(FSUSCA)Horward_Row_2_Section_8_1449
=245  00$aHistoire /$cClaude Quetel
=264  \1$a[Place of publication not identified] :$bBordas,$c1993
=300  \\$avolume
=336  \\$atext$btxt$2rdacontent
=337  \\$aunmediated$bn$2rdamedia
=338  \\$avolume$bnc$2rdacarrier
=500  \\$aTitle on spreadsheet: "Histoire"
=590  \\$aHorward Collection$9LOCAL
=700  1\$aQuetel, Claude
=936  1\$aHorward, Donald D.,$edonor$9LOCAL

