=LDR  00720nam a2200193Mi 4500
=008  \\\\\\s1869\\\\xx\\\\\\\\\\\\000\0\\\\\d
=040  \\$aFDA$beng$cFDA
=035  \\$a(FSUSCA)Horward_Row_2_Section_2_244
=245  00$aHistoire de L'insurrection de Prairial an III 1795 /$cJules Claretie
=264  \1$a[Place of publication not identified] :$bLibrairie Internationale,$c1869
=300  \\$avolume
=336  \\$atext$btxt$2rdacontent
=337  \\$aunmediated$bn$2rdamedia
=338  \\$avolume$bnc$2rdacarrier
=500  \\$aTitle on spreadsheet: "Histoire de L'insurrection de Prairial an III 1795"
=500  \\$aCustom binding.
=590  \\$aHorward Collection$9LOCAL
=700  1\$aClaretie, Jules
=936  1\$aHorward, Donald D.,$edonor$9LOCAL

