=LDR  00676nam a2200193Mi 4500
=008  \\\\\\s1854\\\\xx\\\\\\\\\\\\000\0\\\\\d
=040  \\$aFDA$beng$cFDA
=035  \\$a(FSUSCA)Horward_Row_2_Section_11_1971
=245  00$aHistoire de la Campagne de 1800 /$cM. Le Duc Devalmy
=264  \1$a[Place of publication not identified] :$bJ. Dumaine,$c1854
=300  \\$avolume
=336  \\$atext$btxt$2rdacontent
=337  \\$aunmediated$bn$2rdamedia
=338  \\$avolume$bnc$2rdacarrier
=500  \\$aTitle on spreadsheet: "Histoire de la Campagne de 1800"
=500  \\$aCustom binding.
=590  \\$aHorward Collection$9LOCAL
=700  1\$aLe Duc Devalmy, M.
=936  1\$aHorward, Donald D.,$edonor$9LOCAL

