=LDR  00685nam a2200181Mi 4500
=008  \\\\\\suuuu\\\\xx\\\\\\\\\\\\000\0\\\\\d
=040  \\$aFDA$beng$cFDA
=035  \\$a(FSUSCA)Horward_Row_2_Section_1_136
=245  00$aHistoire de la Conciergereie /$cPottet, Eugene
=264  \1$a[Place of publication not identified] :$bSociete Francaise d'Editions d'Art,$c[date of publication not identified]
=300  \\$avolume
=336  \\$atext$btxt$2rdacontent
=337  \\$aunmediated$bn$2rdamedia
=338  \\$avolume$bnc$2rdacarrier
=500  \\$aTitle on spreadsheet: "Histoire de la Conciergereie"
=590  \\$aHorward Collection$9LOCAL
=700  1\$aPottet, Eugene
=936  1\$aHorward, Donald D.,$edonor$9LOCAL

