=LDR  00673nam a2200193Mi 4500
=008  \\\\\\s1926\\\\xx\\\\\\\\\\\\000\0\\\\\d
=040  \\$aFDA$beng$cFDA
=035  \\$a(FSUSCA)Horward_Row_2_Section_2_247
=245  00$aHistoire de la Conciergereie /$cEugene Pottet
=264  \1$a[Place of publication not identified] :$bdepot a la conciergerie,$c1926
=300  \\$avolume
=336  \\$atext$btxt$2rdacontent
=337  \\$aunmediated$bn$2rdamedia
=338  \\$avolume$bnc$2rdacarrier
=500  \\$aTitle on spreadsheet: "Histoire de la Conciergereie"
=500  \\$aCustom binding.
=590  \\$aHorward Collection$9LOCAL
=700  1\$aPottet, Eugene
=936  1\$aHorward, Donald D.,$edonor$9LOCAL

