=LDR  00679nam a2200193Mi 4500
=008  \\\\\\s1872\\\\xx\\\\\\\\\\\\000\0\\\\\d
=040  \\$aFDA$beng$cFDA
=035  \\$a(FSUSCA)Horward_Row_2_Section_2_250
=245  00$aHistoire de la Republique Francaise /$cErnest Hamel
=264  \1$a[Place of publication not identified] :$bLibraire Pagnerre,$c1872
=300  \\$avolume
=336  \\$atext$btxt$2rdacontent
=337  \\$aunmediated$bn$2rdamedia
=338  \\$avolume$bnc$2rdacarrier
=500  \\$aTitle on spreadsheet: "Histoire de la Republique Francaise"
=500  \\$aCustom binding.
=590  \\$aHorward Collection$9LOCAL
=700  1\$aHamel, Ernest
=936  1\$aHorward, Donald D.,$edonor$9LOCAL

