=LDR  00718nam a2200205Mi 4500
=008  \\\\\\s1865\\\\xx\\\\\\\\\\\\000\0\\\\\d
=040  \\$aFDA$beng$cFDA
=035  \\$a(FSUSCA)Horward_Row_2_Section_6_964
=245  00$aHistoire de la Revolution Francaise /$cM. A. Thiers
=264  \1$a[Place of publication not identified] :$bFurne et cie Libraires-editeurs,$c1865
=300  \\$avolume
=336  \\$atext$btxt$2rdacontent
=337  \\$aunmediated$bn$2rdamedia
=338  \\$avolume$bnc$2rdacarrier
=500  \\$aTitle on spreadsheet: "Histoire de la Revolution Francaise"
=500  \\$aCustom binding.
=500  \\$aStamped.
=590  \\$aHorward Collection$9LOCAL
=700  1\$aThiers, M. A.
=936  1\$aHorward, Donald D.,$edonor$9LOCAL

