=LDR  00637nam a2200181Mi 4500
=008  \\\\\\s1864\\\\xx\\\\\\\\\\\\000\0\\\\\d
=040  \\$aFDA$beng$cFDA
=035  \\$a(FSUSCA)Horward_Row_2_Section_2_311
=245  00$aHistoire de Massena /$cAuguste Amic
=264  \1$a[Place of publication not identified] :$bLibraire de La Societe des Gens Lettres,$c1864
=300  \\$avolume
=336  \\$atext$btxt$2rdacontent
=337  \\$aunmediated$bn$2rdamedia
=338  \\$avolume$bnc$2rdacarrier
=500  \\$aTitle on spreadsheet: "Histoire de Massena"
=590  \\$aHorward Collection$9LOCAL
=700  1\$aAmic, Auguste
=936  1\$aHorward, Donald D.,$edonor$9LOCAL

