=LDR  00681nam a2200181Mi 4500
=008  \\\\\\s1916\\\\xx\\\\\\\\\\\\000\0\\\\\d
=040  \\$aFDA$beng$cFDA
=035  \\$a(FSUSCA)Horward_Row_2_Section_6_921
=245  00$aHistoire des Campagnes de 1814 and 1815$nVol 1 /$cAlphonse de Beauchamp
=264  \1$a[Place of publication not identified] :$bImprimeur Libraire,$c1916
=300  \\$avolume
=336  \\$atext$btxt$2rdacontent
=337  \\$aunmediated$bn$2rdamedia
=338  \\$avolume$bnc$2rdacarrier
=500  \\$aTitle on spreadsheet: "Histoire des Campagnes de 1814 and 1815"
=590  \\$aHorward Collection$9LOCAL
=700  1\$ade Beauchamp, Alphonse
=936  1\$aHorward, Donald D.,$edonor$9LOCAL

