=LDR  00750nam a2200205Mi 4500
=008  \\\\\\s1987\\\\xx\\\\\\\\\\\\000\0\\\\\d
=040  \\$aFDA$beng$cFDA
=035  \\$a(FSUSCA)Horward_Row_2_Section_1_92
=245  00$aHistoire et dictionnaire de la Revolution francaise /$cTulard, J., Fayard, J.F., and Fierro, A.
=264  \1$a[Place of publication not identified] :$bBouquins,$c1987
=300  \\$avolume
=336  \\$atext$btxt$2rdacontent
=337  \\$aunmediated$bn$2rdamedia
=338  \\$avolume$bnc$2rdacarrier
=500  \\$aTitle on spreadsheet: "Histoire et dictionnaire de la Revolution francaise"
=590  \\$aHorward Collection$9LOCAL
=700  1\$aTulard, J.
=700  1\$aFayard, J.F.
=700  1\$aFierro, A.
=936  1\$aHorward, Donald D.,$edonor$9LOCAL

