=LDR  00641nam a2200181Mi 4500
=008  \\\\\\s1990\\\\xx\\\\\\\\\\\\000\0\\\\\d
=040  \\$aFDA$beng$cFDA
=035  \\$a(FSUSCA)Horward_Row_4_Section_7_2337
=245  00$aHistoires de France 1789-1989 /$cPatrick de Mervlec
=264  \1$a[Place of publication not identified] :$bContrejour,$c1990
=300  \\$avolume
=336  \\$atext$btxt$2rdacontent
=337  \\$aunmediated$bn$2rdamedia
=338  \\$avolume$bnc$2rdacarrier
=500  \\$aTitle on spreadsheet: "Histoires de France 1789-1989"
=590  \\$aHorward Collection$9LOCAL
=700  1\$ade Mervlec, Patrick
=936  1\$aHorward, Donald D.,$edonor$9LOCAL

