=LDR  00658nam a2200181Mi 4500
=008  \\\\\\s1982\\\\xx\\\\\\\\\\\\000\0\\\\\d
=040  \\$aFDA$beng$cFDA
=035  \\$a(FSUSCA)Horward_Row_2_Section_4_629
=245  00$aHistoria de Ciudad Rodrigo /$cDionisio de Nogales Delicado
=264  \1$a[Place of publication not identified] :$bCiudad Rodrigo,$c1982
=300  \\$avolume
=336  \\$atext$btxt$2rdacontent
=337  \\$aunmediated$bn$2rdamedia
=338  \\$avolume$bnc$2rdacarrier
=500  \\$aTitle on spreadsheet: "Historia de Ciudad Rodrigo"
=590  \\$aHorward Collection$9LOCAL
=700  1\$ade Nogales Delicado, Dionisio
=936  1\$aHorward, Donald D.,$edonor$9LOCAL

