=LDR  00674nam a2200181Mi 4500
=008  \\\\\\s1980\\\\xx\\\\\\\\\\\\000\0\\\\\d
=040  \\$aFDA$beng$cFDA
=035  \\$a(FSUSCA)Horward_Row_2_Section_8_1367
=245  00$aHistoria de la Villa de Fuenteguinaldo /$cAlejandro Blazquez Polo
=264  \1$a[Place of publication not identified] :$bFuentefuinaldo,$c1980
=300  \\$avolume
=336  \\$atext$btxt$2rdacontent
=337  \\$aunmediated$bn$2rdamedia
=338  \\$avolume$bnc$2rdacarrier
=500  \\$aTitle on spreadsheet: "Historia de la Villa de Fuenteguinaldo "
=590  \\$aHorward Collection$9LOCAL
=700  1\$aBlazquez Polo, Alejandro
=936  1\$aHorward, Donald D.,$edonor$9LOCAL

