=LDR  00707nam a2200193Mi 4500
=008  \\\\\\suuuu\\\\xx\\\\\\\\\\\\000\0\\\\\d
=040  \\$aFDA$beng$cFDA
=035  \\$a(FSUSCA)Horward_Row_2_Section_2_259
=245  00$aHistoria de Portugal /$cJoaquim Verissimo Serrao
=264  \1$a[Place of publication not identified] :$bCirculo de Leitores,$c[date of publication not identified]
=300  \\$avolume
=336  \\$atext$btxt$2rdacontent
=337  \\$aunmediated$bn$2rdamedia
=338  \\$avolume$bnc$2rdacarrier
=500  \\$aTitle on spreadsheet: "Historia de Portugal"
=500  \\$aCustom binding.
=590  \\$aHorward Collection$9LOCAL
=700  1\$aSerrao, Joaquim Verissimo
=936  1\$aHorward, Donald D.,$edonor$9LOCAL

