=LDR  00717nam a2200193Mi 4500
=008  \\\\\\s1874\\\\xx\\\\\\\\\\\\000\0\\\\\d
=040  \\$aFDA$beng$cFDA
=035  \\$a(FSUSCA)Horward_Row_4_Section_6_2260
=245  00$aHistoria Politica E Militar de Portugal$nVol. I /$cJose Maria Latino Coelho
=264  \1$a[Place of publication not identified] :$bLisboa,$c1874
=300  \\$avolume
=336  \\$atext$btxt$2rdacontent
=337  \\$aunmediated$bn$2rdamedia
=338  \\$avolume$bnc$2rdacarrier
=500  \\$aTitle on spreadsheet: "Historia Politica E Militar de Portugal, Vol. I"
=500  \\$aCustom binding.
=590  \\$aHorward Collection$9LOCAL
=700  1\$aLatino Coelho, Jose Maria
=936  1\$aHorward, Donald D.,$edonor$9LOCAL

