=LDR  00678nam a2200181Mi 4500
=008  \\\\\\s1915\\\\xx\\\\\\\\\\\\000\0\\\\\d
=040  \\$aFDA$beng$cFDA
=035  \\$a(FSUSCA)Horward_Row_2_Section_11_1990
=245  00$aHistoria Popular da Guerra da Peninsula /$cJ. J. Teixeira Botelho
=264  \1$a[Place of publication not identified] :$bLivraria Chardron,$c1915
=300  \\$avolume
=336  \\$atext$btxt$2rdacontent
=337  \\$aunmediated$bn$2rdamedia
=338  \\$avolume$bnc$2rdacarrier
=500  \\$aTitle on spreadsheet: "Historia Popular da Guerra da Peninsula "
=590  \\$aHorward Collection$9LOCAL
=700  1\$aTeixeira Botelho, J. J.
=936  1\$aHorward, Donald D.,$edonor$9LOCAL

