=LDR  00635nam a2200169Mi 4500
=008  \\\\\\s2002\\\\xx\\\\\\\\\\\\000\0\\\\\d
=040  \\$aFDA$beng$cFDA
=035  \\$a(FSUSCA)Horward_Row_4_Section_6_2273
=245  00$aHistoria Thematique, Napoleon, Le Vrai Pere de l'Europe
=264  \1$a[Place of publication not identified] :$bMagazine,$c2002
=300  \\$avolume
=336  \\$atext$btxt$2rdacontent
=337  \\$aunmediated$bn$2rdamedia
=338  \\$avolume$bnc$2rdacarrier
=500  \\$aTitle on spreadsheet: "Historia Thematique: Napoleon, Le Vrai Pere de l'Europe"
=590  \\$aHorward Collection$9LOCAL
=936  1\$aHorward, Donald D.,$edonor$9LOCAL

