=LDR  00718nam a2200205Mi 4500
=008  \\\\\\s1985\\\\xx\\\\\\\\\\\\000\0\\\\\d
=040  \\$aFDA$beng$cFDA
=035  \\$a(FSUSCA)Horward_Row_2_Section_9_1457
=245  00$aHistorical Dictionary of the French Revolution$nVol 1 /$cScott and Rothaus
=264  \1$a[Place of publication not identified] :$bGreenwood Press,$c1985
=300  \\$avolume
=336  \\$atext$btxt$2rdacontent
=337  \\$aunmediated$bn$2rdamedia
=338  \\$avolume$bnc$2rdacarrier
=500  \\$aTitle on spreadsheet: "Historical Dictionary of the French Revolution "
=500  \\$aL-Z.
=590  \\$aHorward Collection$9LOCAL
=700  1\$aScott
=700  1\$aRothaus
=936  1\$aHorward, Donald D.,$edonor$9LOCAL

