=LDR  00755nam a2200193Mi 4500
=008  \\\\\\s1985\\\\xx\\\\\\\\\\\\000\0\\\\\d
=040  \\$aFDA$beng$cFDA
=035  \\$a(FSUSCA)Horward_Row_2_Section_8_1380
=245  00$aHistorical Dictionary of the French Revolution, 1789-1799 /$cedited by Samuel F. Scott and Barry Rothaus
=264  \1$a[Place of publication not identified] :$bGreenwood Press,$c1985
=300  \\$avolume
=336  \\$atext$btxt$2rdacontent
=337  \\$aunmediated$bn$2rdamedia
=338  \\$avolume$bnc$2rdacarrier
=500  \\$aTitle on spreadsheet: "Historical Dictionary of the French Revolution, 1789-1799"
=590  \\$aHorward Collection$9LOCAL
=700  1\$aScott, Samuel F.
=700  1\$aRothaus, Barry
=936  1\$aHorward, Donald D.,$edonor$9LOCAL

