=LDR  00699nam a2200205Mi 4500
=008  \\\\\\s1974\\\\xx\\\\\\\\\\\\000\0\\\\\d
=040  \\$aFDA$beng$cFDA
=035  \\$a(FSUSCA)Horward_Row_2_Section_9_1500
=245  00$aHistorical Reflections /$cJohn New and Gilman Ostrander
=250  \\$aVol 1-2
=264  \1$a[Place of publication not identified] :$bUniversity of Waterloo,$c1974
=300  \\$avolume
=336  \\$atext$btxt$2rdacontent
=337  \\$aunmediated$bn$2rdamedia
=338  \\$avolume$bnc$2rdacarrier
=500  \\$aTitle on spreadsheet: "Historical Reflections "
=590  \\$aHorward Collection$9LOCAL
=700  1\$aNew, John
=700  1\$aOstrander, Gilman
=936  1\$aHorward, Donald D.,$edonor$9LOCAL

