=LDR  00631nam a2200181Mi 4500
=008  \\\\\\s1918\\\\xx\\\\\\\\\\\\000\0\\\\\d
=040  \\$aFDA$beng$cFDA
=035  \\$a(FSUSCA)Horward_Row_2_Section_3_376
=245  00$aHistorischer Schul-Atlas /$cF. W. Pubgers
=264  \1$a[Place of publication not identified] :$bBielefeld and Leipzig,$c1918
=300  \\$avolume
=336  \\$atext$btxt$2rdacontent
=337  \\$aunmediated$bn$2rdamedia
=338  \\$avolume$bnc$2rdacarrier
=500  \\$aTitle on spreadsheet: "Historischer Schul-Atlas"
=590  \\$aHorward Collection$9LOCAL
=700  1\$aPubgers, F. W.
=936  1\$aHorward, Donald D.,$edonor$9LOCAL

