=LDR  00705nam a2200193Mi 4500
=008  \\\\\\s1883\\\\xx\\\\\\\\\\\\000\0\\\\\d
=040  \\$aFDA$beng$cFDA
=035  \\$a(FSUSCA)Horward_Row_2_Section_2_347
=245  00$aHistory of Napoelon$nVolume 2 /$cJohn S. Abbott
=264  \1$a[Place of publication not identified] :$bHarper and Brothers, Publishers,$c1883
=300  \\$avolume
=336  \\$atext$btxt$2rdacontent
=337  \\$aunmediated$bn$2rdamedia
=338  \\$avolume$bnc$2rdacarrier
=500  \\$aTitle on spreadsheet: "The History of Napoelon Volume 2"
=500  \\$aThe History of Napoelon Volume 2
=590  \\$aHorward Collection$9LOCAL
=700  1\$aAbbott, John S.
=936  1\$aHorward, Donald D.,$edonor$9LOCAL

