=LDR  00638nam a2200181Mi 4500
=008  \\\\\\s1881\\\\xx\\\\\\\\\\\\000\0\\\\\d
=040  \\$aFDA$beng$cFDA
=035  \\$a(FSUSCA)Horward_Row_4_Section_7_2503
=245  00$aHistory of Napoleon Bonaparte /$cHenry W. De Puy
=264  \1$a[Place of publication not identified] :$bHurst and Co.,$c1881
=300  \\$avolume
=336  \\$atext$btxt$2rdacontent
=337  \\$aunmediated$bn$2rdamedia
=338  \\$avolume$bnc$2rdacarrier
=500  \\$aTitle on spreadsheet: "History of Napoleon Bonaparte"
=590  \\$aHorward Collection$9LOCAL
=700  1\$aDe Puy, Henry W.
=936  1\$aHorward, Donald D.,$edonor$9LOCAL

