=LDR  00688nam a2200193Mi 4500
=008  \\\\\\s1976\\\\xx\\\\\\\\\\\\000\0\\\\\d
=040  \\$aFDA$beng$cFDA
=035  \\$a(FSUSCA)Horward_Row_2_Section_4_609
=245  00$aHistory of Portugal$nVolume 2 /$cA.H. de Oliveira Marques
=250  \\$aSecond Edition
=264  \1$a[Place of publication not identified] :$bColumbia University Press,$c1976
=300  \\$avolume
=336  \\$atext$btxt$2rdacontent
=337  \\$aunmediated$bn$2rdamedia
=338  \\$avolume$bnc$2rdacarrier
=500  \\$aTitle on spreadsheet: "History of Portugal"
=590  \\$aHorward Collection$9LOCAL
=700  1\$ade Oliveira Marques, A.H.
=936  1\$aHorward, Donald D.,$edonor$9LOCAL

