=LDR  00675nam a2200181Mi 4500
=008  \\\\\\s1972\\\\xx\\\\\\\\\\\\000\0\\\\\d
=040  \\$aFDA$beng$cFDA
=035  \\$a(FSUSCA)Horward_Row_2_Section_10_1698
=245  00$aHistory of Portugal$nVol. 1 /$cOliveira Marques
=264  \1$a[Place of publication not identified] :$bColumbia University Press,$c1972
=300  \\$avolume
=336  \\$atext$btxt$2rdacontent
=337  \\$aunmediated$bn$2rdamedia
=338  \\$avolume$bnc$2rdacarrier
=500  \\$aTitle on spreadsheet: "History of Portugal, Vol. 1: From Lusitania to Empire"
=590  \\$aHorward Collection$9LOCAL
=700  1\$aMarques, Oliveira
=936  1\$aHorward, Donald D.,$edonor$9LOCAL

