=LDR  00637nam a2200181Mi 4500
=008  \\\\\\s1996\\\\xx\\\\\\\\\\\\000\0\\\\\d
=040  \\$aFDA$beng$cFDA
=035  \\$a(FSUSCA)Horward_Row_2_Section_9_1575
=245  00$aHistory of the 52nd Regiment /$cM.S. Moorsom
=264  \1$a[Place of publication not identified] :$bWorley Publications,$c1996
=300  \\$avolume
=336  \\$atext$btxt$2rdacontent
=337  \\$aunmediated$bn$2rdamedia
=338  \\$avolume$bnc$2rdacarrier
=500  \\$aTitle on spreadsheet: "History of the 52nd Regiment "
=590  \\$aHorward Collection$9LOCAL
=700  1\$aMoorsom, M.S.
=936  1\$aHorward, Donald D.,$edonor$9LOCAL

