=LDR  00678nam a2200193Mi 4500
=008  \\\\\\s1970\\\\xx\\\\\\\\\\\\000\0\\\\\d
=040  \\$aFDA$beng$cFDA
=035  \\$a(FSUSCA)Horward_Row_2_Section_7_1085
=245  00$aHistory of the British Army /$cPeter Young and J.P. Lawford
=264  \1$a[Place of publication not identified] :$bG.P. Putnam's Sons,$c1970
=300  \\$avolume
=336  \\$atext$btxt$2rdacontent
=337  \\$aunmediated$bn$2rdamedia
=338  \\$avolume$bnc$2rdacarrier
=500  \\$aTitle on spreadsheet: "History of the British Army"
=590  \\$aHorward Collection$9LOCAL
=700  1\$aYoung, Peter
=700  1\$aLawford, J.P.
=936  1\$aHorward, Donald D.,$edonor$9LOCAL

