=LDR  00628nam a2200181Mi 4500
=008  \\\\\\s1970\\\\xx\\\\\\\\\\\\000\0\\\\\d
=040  \\$aFDA$beng$cFDA
=035  \\$a(FSUSCA)Horward_Row_2_Section_6_928
=245  00$aHistory of the Campaign of 1815 /$cMuffling
=264  \1$a[Place of publication not identified] :$bS.R. Publishers,$c1970
=300  \\$avolume
=336  \\$atext$btxt$2rdacontent
=337  \\$aunmediated$bn$2rdamedia
=338  \\$avolume$bnc$2rdacarrier
=500  \\$aTitle on spreadsheet: "History of the Campaign of 1815"
=590  \\$aHorward Collection$9LOCAL
=700  1\$aMuffling
=936  1\$aHorward, Donald D.,$edonor$9LOCAL

