=LDR  00733nam a2200181Mi 4500
=008  \\\\\\s1957\\\\xx\\\\\\\\\\\\000\0\\\\\d
=040  \\$aFDA$beng$cFDA
=035  \\$a(FSUSCA)Horward_Row_2_Section_10_1706
=245  00$aHistory of the English Speaking Peoples.$nVol. 3,$pThe Age of Revolution /$cWinston Churchill
=264  \1$a[Place of publication not identified] :$bDodd, Mead, and co.,$c1957
=300  \\$avolume
=336  \\$atext$btxt$2rdacontent
=337  \\$aunmediated$bn$2rdamedia
=338  \\$avolume$bnc$2rdacarrier
=500  \\$aTitle on spreadsheet: "A History of the English Speaking Peoples, Vol. 3: The Age of Revolution"
=590  \\$aHorward Collection$9LOCAL
=700  1\$aChurchill, Winston
=936  1\$aHorward, Donald D.,$edonor$9LOCAL

