=LDR  00650nam a2200181Mi 4500
=008  \\\\\\s1897\\\\xx\\\\\\\\\\\\000\0\\\\\d
=040  \\$aFDA$beng$cFDA
=035  \\$a(FSUSCA)Horward_Row_2_Section_7_1204
=245  00$aHistory of the French Revolution$nVol 1 /$cM. A. Thiers
=264  \1$a[Place of publication not identified] :$bD. Appleton and Co,$c1897
=300  \\$avolume
=336  \\$atext$btxt$2rdacontent
=337  \\$aunmediated$bn$2rdamedia
=338  \\$avolume$bnc$2rdacarrier
=500  \\$aTitle on spreadsheet: "History of the French Revolution"
=590  \\$aHorward Collection$9LOCAL
=700  1\$aThiers, M. A.
=936  1\$aHorward, Donald D.,$edonor$9LOCAL

