=LDR  00653nam a2200181Mi 4500
=008  \\\\\\s1911\\\\xx\\\\\\\\\\\\000\0\\\\\d
=040  \\$aFDA$beng$cFDA
=035  \\$a(FSUSCA)Horward_Row_2_Section_6_901
=245  00$aHistory of the Peninsular War$nVol. IV /$cCharles Oman
=264  \1$a[Place of publication not identified] :$bClarendon Press,$c1911
=300  \\$avolume
=336  \\$atext$btxt$2rdacontent
=337  \\$aunmediated$bn$2rdamedia
=338  \\$avolume$bnc$2rdacarrier
=500  \\$aTitle on spreadsheet: "A History of the Peninsular War, Vol. IV"
=590  \\$aHorward Collection$9LOCAL
=700  1\$aOman, Charles
=936  1\$aHorward, Donald D.,$edonor$9LOCAL

