=LDR  00648nam a2200181Mi 4500
=008  \\\\\\s1999\\\\xx\\\\\\\\\\\\000\0\\\\\d
=040  \\$aFDA$beng$cFDA
=035  \\$a(FSUSCA)Horward_Row_2_Section_9_1607
=245  00$aHistory of the Peninsular War$nVol IX /$cPaddy Griffith
=264  \1$a[Place of publication not identified] :$bGreenhill Books,$c1999
=300  \\$avolume
=336  \\$atext$btxt$2rdacontent
=337  \\$aunmediated$bn$2rdamedia
=338  \\$avolume$bnc$2rdacarrier
=500  \\$aTitle on spreadsheet: "A History of the Peninsular War"
=590  \\$aHorward Collection$9LOCAL
=700  1\$aGriffith, Paddy
=936  1\$aHorward, Donald D.,$edonor$9LOCAL

