=LDR  00700nam a2200193Mi 4500
=008  \\\\\\s1947\\\\xx\\\\\\\\\\\\000\0\\\\\d
=040  \\$aFDA$beng$cFDA
=035  \\$a(FSUSCA)Horward_Row_2_Section_2_251
=245  00$aHoche L'Enfant de la Victoire 1768 - 1797 /$cMarc-Andre Fabre
=264  \1$a[Place of publication not identified] :$bLibrairie Hachette,$c1947
=300  \\$avolume
=336  \\$atext$btxt$2rdacontent
=337  \\$aunmediated$bn$2rdamedia
=338  \\$avolume$bnc$2rdacarrier
=500  \\$aTitle on spreadsheet: "Hoche L'Enfant de la Victoire 1768 - 1797"
=500  \\$aCustom binding.
=590  \\$aHorward Collection$9LOCAL
=700  1\$aFabre, Marc-Andre
=936  1\$aHorward, Donald D.,$edonor$9LOCAL

