=LDR  00629nam a2200181Mi 4500
=008  \\\\\\s1969\\\\xx\\\\\\\\\\\\000\0\\\\\d
=040  \\$aFDA$beng$cFDA
=035  \\$a(FSUSCA)Horward_Row_2_Section_2_214
=245  00$aHome Office, 1782-1801 /$cR. R. Nelson
=264  \1$a[Place of publication not identified] :$bDuke University Press,$c1969
=300  \\$avolume
=336  \\$atext$btxt$2rdacontent
=337  \\$aunmediated$bn$2rdamedia
=338  \\$avolume$bnc$2rdacarrier
=500  \\$aTitle on spreadsheet: "The Home Office, 1782-1801"
=590  \\$aHorward Collection$9LOCAL
=700  1\$aNelson, R. R.
=936  1\$aHorward, Donald D.,$edonor$9LOCAL

