=LDR  00658nam a2200181Mi 4500
=008  \\\\\\s1981\\\\xx\\\\\\\\\\\\000\0\\\\\d
=040  \\$aFDA$beng$cFDA
=035  \\$a(FSUSCA)Horward_Row_4_Section_5_2081
=245  00$aHorace Sebastiani Soldat Et Notable /$cPierre Clavreuil
=264  \1$a[Place of publication not identified] :$bUniversity of Paris,$c1981
=300  \\$avolume
=336  \\$atext$btxt$2rdacontent
=337  \\$aunmediated$bn$2rdamedia
=338  \\$avolume$bnc$2rdacarrier
=500  \\$aTitle on spreadsheet: "Horace Sebastiani Soldat Et Notable"
=590  \\$aHorward Collection$9LOCAL
=700  1\$aClavreuil, Pierre
=936  1\$aHorward, Donald D.,$edonor$9LOCAL

