=LDR  00657nam a2200181Mi 4500
=008  \\\\\\s1949\\\\xx\\\\\\\\\\\\000\0\\\\\d
=040  \\$aFDA$beng$cFDA
=035  \\$a(FSUSCA)Horward_Row_2_Section_8_1303
=245  00$aHoratio Nelson A Short Biography /$cCaptain Russell Grenfell
=264  \1$a[Place of publication not identified] :$bFaber and Faber,$c1949
=300  \\$avolume
=336  \\$atext$btxt$2rdacontent
=337  \\$aunmediated$bn$2rdamedia
=338  \\$avolume$bnc$2rdacarrier
=500  \\$aTitle on spreadsheet: "Horatio Nelson A Short Biography "
=590  \\$aHorward Collection$9LOCAL
=700  1\$aGrenfell, Russell
=936  1\$aHorward, Donald D.,$edonor$9LOCAL

