=LDR  00671nam a2200181Mi 4500
=008  \\\\\\s1998\\\\xx\\\\\\\\\\\\000\0\\\\\d
=040  \\$aFDA$beng$cFDA
=035  \\$a(FSUSCA)Horward_Row_2_Section_8_1265
=245  00$aHornblower's Navy, Life at Sea in the Age of Nelson /$cSteve Pope
=264  \1$a[Place of publication not identified] :$bOrion Media,$c1998
=300  \\$avolume
=336  \\$atext$btxt$2rdacontent
=337  \\$aunmediated$bn$2rdamedia
=338  \\$avolume$bnc$2rdacarrier
=500  \\$aTitle on spreadsheet: "Hornblower's Navy: Life at Sea in the Age of Nelson "
=590  \\$aHorward Collection$9LOCAL
=700  1\$aPope, Steve
=936  1\$aHorward, Donald D.,$edonor$9LOCAL

