=LDR  00620nam a2200181Mi 4500
=008  \\\\\\s1900\\\\xx\\\\\\\\\\\\000\0\\\\\d
=040  \\$aFDA$beng$cFDA
=035  \\$a(FSUSCA)Horward_Row_2_Section_9_1572
=245  00$aHow England Saved Europe /$cFitchett
=264  \1$a[Place of publication not identified] :$bSmith, Elder and Co,$c1900
=300  \\$avolume
=336  \\$atext$btxt$2rdacontent
=337  \\$aunmediated$bn$2rdamedia
=338  \\$avolume$bnc$2rdacarrier
=500  \\$aTitle on spreadsheet: "How England Saved Europe "
=590  \\$aHorward Collection$9LOCAL
=700  1\$aFitchett
=936  1\$aHorward, Donald D.,$edonor$9LOCAL

