=LDR  00635nam a2200181Mi 4500
=008  \\\\\\s1982\\\\xx\\\\\\\\\\\\000\0\\\\\d
=040  \\$aFDA$beng$cFDA
=035  \\$a(FSUSCA)Horward_Row_2_Section_2_178
=245  00$aIdylls of France /$cPhotographed and Edited by Proctor Jones
=264  \1$a[Place of publication not identified] :$bProctor Jones,$c1982
=300  \\$avolume
=336  \\$atext$btxt$2rdacontent
=337  \\$aunmediated$bn$2rdamedia
=338  \\$avolume$bnc$2rdacarrier
=500  \\$aTitle on spreadsheet: "Idylls of France "
=590  \\$aHorward Collection$9LOCAL
=700  1\$aJones, Proctor
=936  1\$aHorward, Donald D.,$edonor$9LOCAL

