=LDR  00616nam a2200181Mi 4500
=008  \\\\\\s1996\\\\xx\\\\\\\\\\\\000\0\\\\\d
=040  \\$aFDA$beng$cFDA
=035  \\$a(FSUSCA)Horward_Row_4_Section_5_2100
=245  00$aImperial Bayonets /$cGeorge Nafziger
=264  \1$a[Place of publication not identified] :$bGreenhill Books,$c1996
=300  \\$avolume
=336  \\$atext$btxt$2rdacontent
=337  \\$aunmediated$bn$2rdamedia
=338  \\$avolume$bnc$2rdacarrier
=500  \\$aTitle on spreadsheet: "Imperial Bayonets"
=590  \\$aHorward Collection$9LOCAL
=700  1\$aNafziger, George
=936  1\$aHorward, Donald D.,$edonor$9LOCAL

