=LDR  00612nam a2200181Mi 4500
=008  \\\\\\s2003\\\\xx\\\\\\\\\\\\000\0\\\\\d
=040  \\$aFDA$beng$cFDA
=035  \\$a(FSUSCA)Horward_Row_2_Section_8_1284
=245  00$aImperial Glory /$cJ. David Markham
=264  \1$a[Place of publication not identified] :$bGreenhill Books,$c2003
=300  \\$avolume
=336  \\$atext$btxt$2rdacontent
=337  \\$aunmediated$bn$2rdamedia
=338  \\$avolume$bnc$2rdacarrier
=500  \\$aTitle on spreadsheet: "Imperial Glory"
=590  \\$aHorward Collection$9LOCAL
=700  1\$aMarkham, J. David
=936  1\$aHorward, Donald D.,$edonor$9LOCAL

