=LDR  00680nam a2200181Mi 4500
=008  \\\\\\s1968\\\\xx\\\\\\\\\\\\000\0\\\\\d
=040  \\$aFDA$beng$cFDA
=035  \\$a(FSUSCA)Horward_Row_2_Section_2_175
=245  00$aImperial Sunset, The Fall of Napoleon, 1813-14 /$cR.F. Delderfield
=264  \1$a[Place of publication not identified] :$bHodder and Stoughton,$c1968
=300  \\$avolume
=336  \\$atext$btxt$2rdacontent
=337  \\$aunmediated$bn$2rdamedia
=338  \\$avolume$bnc$2rdacarrier
=500  \\$aTitle on spreadsheet: "Imperial Sunset: The Fall of Napoleon, 1813-14"
=590  \\$aHorward Collection$9LOCAL
=700  1\$aDelderfield, R.F.
=936  1\$aHorward, Donald D.,$edonor$9LOCAL

