=LDR  00745nam a2200181Mi 4500
=008  \\\\\\s1999\\\\xx\\\\\\\\\\\\000\0\\\\\d
=040  \\$aFDA$beng$cFDA
=035  \\$a(FSUSCA)Horward_Row_4_Section_5_2073
=245  00$aIn Defense of an Empire, General Henri-Gatien Bertrand in the 1813 Campaign /$cSteven L. Delvaux
=264  \1$a[Place of publication not identified] :$bFlorida State University,$c1999
=300  \\$avolume
=336  \\$atext$btxt$2rdacontent
=337  \\$aunmediated$bn$2rdamedia
=338  \\$avolume$bnc$2rdacarrier
=500  \\$aTitle on spreadsheet: "In Defense of an Empire: General Henri-Gatien Bertrand in the 1813 Campaign"
=590  \\$aHorward Collection$9LOCAL
=700  1\$aDelvaux, Steven L.
=936  1\$aHorward, Donald D.,$edonor$9LOCAL

