=LDR  00767nam a2200181Mi 4500
=008  \\\\\\s2000\\\\xx\\\\\\\\\\\\000\0\\\\\d
=040  \\$aFDA$beng$cFDA
=035  \\$a(FSUSCA)Horward_Row_4_Section_5_2077
=245  00$aIn Defense of the Crown, General Sir John Hope's Campaign in the Southern France 1813-1814 /$cPaul P. Reese
=264  \1$a[Place of publication not identified] :$bFlorida State University,$c2000
=300  \\$avolume
=336  \\$atext$btxt$2rdacontent
=337  \\$aunmediated$bn$2rdamedia
=338  \\$avolume$bnc$2rdacarrier
=500  \\$aTitle on spreadsheet: "In Defense of the Crown: General Sir John Hope's Campaign in the Southern France 1813-1814"
=590  \\$aHorward Collection$9LOCAL
=700  1\$aReese, Paul P.
=936  1\$aHorward, Donald D.,$edonor$9LOCAL

