=LDR  00827nam a2200181Mi 4500
=008  \\\\\\s1904\\\\xx\\\\\\\\\\\\000\0\\\\\d
=040  \\$aFDA$beng$cFDA
=035  \\$a(FSUSCA)Horward_Row_4_Section_6_2192
=245  00$aIndice de Los Papeles de la Junta Central Suprema Gubernativa del Reino y del Consejo de Regencia /$cArchivo Historico Nacional
=264  \1$a[Place of publication not identified] :$bLa Revista de Archivos, Bibliotecas y Museos,$c1904
=300  \\$avolume
=336  \\$atext$btxt$2rdacontent
=337  \\$aunmediated$bn$2rdamedia
=338  \\$avolume$bnc$2rdacarrier
=500  \\$aTitle on spreadsheet: "Indice de Los Papeles de la Junta Central Suprema Gubernativa del Reino y del Consejo de Regencia "
=590  \\$aHorward Collection$9LOCAL
=710  2\$aArchivo Historico Nacional
=936  1\$aHorward, Donald D.,$edonor$9LOCAL

