=LDR  00618nam a2200181Mi 4500
=008  \\\\\\s1984\\\\xx\\\\\\\\\\\\000\0\\\\\d
=040  \\$aFDA$beng$cFDA
=035  \\$a(FSUSCA)Horward_Row_2_Section_9_1475
=245  00$aIn Hell Before Daylight /$cIan Fletcher
=264  \1$a[Place of publication not identified] :$bBaton Press,$c1984
=300  \\$avolume
=336  \\$atext$btxt$2rdacontent
=337  \\$aunmediated$bn$2rdamedia
=338  \\$avolume$bnc$2rdacarrier
=500  \\$aTitle on spreadsheet: "In Hell Before Daylight"
=590  \\$aHorward Collection$9LOCAL
=700  1\$aFletcher, Ian
=936  1\$aHorward, Donald D.,$edonor$9LOCAL

