=LDR  00742nam a2200205Mi 4500
=008  \\\\\\suuuu\\\\xx\\\\\\\\\\\\000\0\\\\\d
=040  \\$aFDA$beng$cFDA
=035  \\$a(FSUSCA)Horward_Row_2_Section_7_1259
=245  00$aIn Napoleon's Shadow /$cLouis Joseph Marchand
=250  \\$aFirst English Edition
=264  \1$a[Place of publication not identified] :$bProctor Jones Publishing,$c[date of publication not identified]
=300  \\$avolume
=336  \\$atext$btxt$2rdacontent
=337  \\$aunmediated$bn$2rdamedia
=338  \\$avolume$bnc$2rdacarrier
=500  \\$aTitle on spreadsheet: "In Napoleon's Shadow"
=500  \\$aAutographed.
=590  \\$aHorward Collection$9LOCAL
=700  1\$aMarchand, Louis Joseph
=936  1\$aHorward, Donald D.,$edonor$9LOCAL

