=LDR  00637nam a2200181Mi 4500
=008  \\\\\\s1945\\\\xx\\\\\\\\\\\\000\0\\\\\d
=040  \\$aFDA$beng$cFDA
=035  \\$a(FSUSCA)Horward_Row_2_Section_10_1668
=245  00$aIn Search of Two Characters /$cDormer Creston
=264  \1$a[Place of publication not identified] :$bMacmillan and Co.,$c1945
=300  \\$avolume
=336  \\$atext$btxt$2rdacontent
=337  \\$aunmediated$bn$2rdamedia
=338  \\$avolume$bnc$2rdacarrier
=500  \\$aTitle on spreadsheet: "In Search of Two Characters"
=590  \\$aHorward Collection$9LOCAL
=700  1\$aCreston, Dormer
=936  1\$aHorward, Donald D.,$edonor$9LOCAL

