=LDR  00659nam a2200181Mi 4500
=008  \\\\\\s1991\\\\xx\\\\\\\\\\\\000\0\\\\\d
=040  \\$aFDA$beng$cFDA
=035  \\$a(FSUSCA)Horward_Row_2_Section_11_1842
=245  00$aInsight Guides, Hungary /$cgeneral editing and updating by Marton Radkai
=264  \1$a[Place of publication not identified] :$bAPA Publications,$c1991
=300  \\$avolume
=336  \\$atext$btxt$2rdacontent
=337  \\$aunmediated$bn$2rdamedia
=338  \\$avolume$bnc$2rdacarrier
=500  \\$aTitle on spreadsheet: "Insight Guides: Hungary "
=590  \\$aHorward Collection$9LOCAL
=700  1\$aRadkai, Marton
=936  1\$aHorward, Donald D.,$edonor$9LOCAL

