=LDR  00644nam a2200181Mi 4500
=008  \\\\\\s1931\\\\xx\\\\\\\\\\\\000\0\\\\\d
=040  \\$aFDA$beng$cFDA
=035  \\$a(FSUSCA)Horward_Row_4_Section_6_2310
=245  00$aIn the Wake of Napoleon /$cOakley Williams
=264  \1$a[Place of publication not identified] :$bJohn Lane the Bodley Head, Ltd.,$c1931
=300  \\$avolume
=336  \\$atext$btxt$2rdacontent
=337  \\$aunmediated$bn$2rdamedia
=338  \\$avolume$bnc$2rdacarrier
=500  \\$aTitle on spreadsheet: "In the Wake of Napoleon"
=590  \\$aHorward Collection$9LOCAL
=700  1\$aWilliams, Oakley
=936  1\$aHorward, Donald D.,$edonor$9LOCAL

