=LDR  00665nam a2200193Mi 4500
=008  \\\\\\s1977\\\\xx\\\\\\\\\\\\000\0\\\\\d
=040  \\$aFDA$beng$cFDA
=035  \\$a(FSUSCA)Horward_Row_2_Section_11_1942
=245  00$aIn the Words of Napoleon /$cDaniel S. Gray
=264  \1$a[Place of publication not identified] :$bTroy State University Press,$c1977
=300  \\$avolume
=336  \\$atext$btxt$2rdacontent
=337  \\$aunmediated$bn$2rdamedia
=338  \\$avolume$bnc$2rdacarrier
=500  \\$aTitle on spreadsheet: "In the Words of Napoleon"
=500  \\$aSigned.
=590  \\$aHorward Collection$9LOCAL
=700  1\$aGray, Daniel S.
=936  1\$aHorward, Donald D.,$edonor$9LOCAL

