=LDR  00772nam a2200217Mi 4500
=008  \\\\\\s1904\\\\xx\\\\\\\\\\\\000\0\\\\\d
=040  \\$aFDA$beng$cFDA
=035  \\$a(FSUSCA)Horward_Row_2_Section_3_510
=245  00$aInvasoes Francesas em Portugal$nVols. I and II /$cRolica e Vimeiro
=264  \1$a[Place of publication not identified] :$bLisboa,$c1904
=300  \\$avolume
=336  \\$atext$btxt$2rdacontent
=337  \\$aunmediated$bn$2rdamedia
=338  \\$avolume$bnc$2rdacarrier
=500  \\$aTitle on spreadsheet: "Invasoes Francesas em Portugal Vols. I and II"
=500  \\$aCustom binding.
=500  \\$aInvasoes Francesas em Portugal Vols. I and II
=590  \\$aHorward Collection$9LOCAL
=700  1\$aRolica
=700  1\$aVimeiro
=936  1\$aHorward, Donald D.,$edonor$9LOCAL

