=LDR  00872nam a2200205Mi 4500
=008  \\\\\\s1954\\\\xx\\\\\\\\\\\\000\0\\\\\d
=040  \\$aFDA$beng$cFDA
=035  \\$a(FSUSCA)Horward_Row_4_Section_7_2348
=245  00$aInventaire des Archives, Conservees Au Service Historique de L'Etat Major de L'Armee /$cMarc-Andre Fabre et. al
=250  \\$aSecond
=264  \1$a[Place of publication not identified] :$bAteliers D'Impressions de L'Armee,$c1954
=300  \\$avolume
=336  \\$atext$btxt$2rdacontent
=337  \\$aunmediated$bn$2rdamedia
=338  \\$avolume$bnc$2rdacarrier
=500  \\$aTitle on spreadsheet: "Inventaire des Archives: Conservees Au Service Historique de L'Etat Major de L'Armee"
=500  \\$aFilled with letters, pictures, and newspaper clippings.
=590  \\$aHorward Collection$9LOCAL
=700  1\$aFabre, Marc-Andre
=936  1\$aHorward, Donald D.,$edonor$9LOCAL

