=LDR  00672nam a2200181Mi 4500
=008  \\\\\\s1920\\\\xx\\\\\\\\\\\\000\0\\\\\d
=040  \\$aFDA$beng$cFDA
=035  \\$a(FSUSCA)Horward_Row_4_Section_7_2381
=245  00$aIrish Peer on the Continent (1801-1803) /$cThomas U. Sadleir
=264  \1$a[Place of publication not identified] :$bWilliams and Norgate,$c1920
=300  \\$avolume
=336  \\$atext$btxt$2rdacontent
=337  \\$aunmediated$bn$2rdamedia
=338  \\$avolume$bnc$2rdacarrier
=500  \\$aTitle on spreadsheet: "An Irish Peer on the Continent (1801-1803)"
=590  \\$aHorward Collection$9LOCAL
=700  1\$aSadleir, Thomas U.
=936  1\$aHorward, Donald D.,$edonor$9LOCAL

