=LDR  00683nam a2200181Mi 4500
=008  \\\\\\s1992\\\\xx\\\\\\\\\\\\000\0\\\\\d
=040  \\$aFDA$beng$cFDA
=035  \\$a(FSUSCA)Horward_Row_4_Section_6_2164
=245  00$aIron Duke, A Military Biography of Wellington /$cLawrence James
=264  \1$a[Place of publication not identified] :$bWeidenfeld and Nicholson,$c1992
=300  \\$avolume
=336  \\$atext$btxt$2rdacontent
=337  \\$aunmediated$bn$2rdamedia
=338  \\$avolume$bnc$2rdacarrier
=500  \\$aTitle on spreadsheet: "The Iron Duke: A Military Biography of Wellington"
=590  \\$aHorward Collection$9LOCAL
=700  1\$aJames, Lawrence
=936  1\$aHorward, Donald D.,$edonor$9LOCAL

