=LDR  00675nam a2200193Mi 4500
=008  \\\\\\s1892\\\\xx\\\\\\\\\\\\000\0\\\\\d
=040  \\$aFDA$beng$cFDA
=035  \\$a(FSUSCA)Horward_Row_4_Section_7_2388
=245  00$aItaly, A Handbook for Travelers /$cKarl Baedeker
=250  \\$aNinth
=264  \1$a[Place of publication not identified] :$bKarl Baedeker, Dulau and Co.,$c1892
=300  \\$avolume
=336  \\$atext$btxt$2rdacontent
=337  \\$aunmediated$bn$2rdamedia
=338  \\$avolume$bnc$2rdacarrier
=500  \\$aTitle on spreadsheet: "Italy: A Handbook for Travelers"
=590  \\$aHorward Collection$9LOCAL
=700  1\$aBaedeker, Karl
=936  1\$aHorward, Donald D.,$edonor$9LOCAL

