=LDR  00747nam a2200181Mi 4500
=008  \\\\\\s1972\\\\xx\\\\\\\\\\\\000\0\\\\\d
=040  \\$aFDA$beng$cFDA
=035  \\$a(FSUSCA)Horward_Row_2_Section_8_1373
=245  00$aJackets of Green, A Study of the History, Philosophy, and Character of the Rifle Brigade /$cArthur Bryant
=264  \1$a[Place of publication not identified] :$bCollins,$c1972
=300  \\$avolume
=336  \\$atext$btxt$2rdacontent
=337  \\$aunmediated$bn$2rdamedia
=338  \\$avolume$bnc$2rdacarrier
=500  \\$aTitle on spreadsheet: "Jackets of Green: A Study of the History, Philosophy, and Character of the Rifle Brigade "
=590  \\$aHorward Collection$9LOCAL
=700  1\$aBryant, Arthur
=936  1\$aHorward, Donald D.,$edonor$9LOCAL

