=LDR  00653nam a2200181Mi 4500
=008  \\\\\\s1973\\\\xx\\\\\\\\\\\\000\0\\\\\d
=040  \\$aFDA$beng$cFDA
=035  \\$a(FSUSCA)Horward_Row_2_Section_7_1217
=245  00$aJacobin Club of Marseilles /$cMichael L. Kennedy
=264  \1$a[Place of publication not identified] :$bCornell University Press,$c1973
=300  \\$avolume
=336  \\$atext$btxt$2rdacontent
=337  \\$aunmediated$bn$2rdamedia
=338  \\$avolume$bnc$2rdacarrier
=500  \\$aTitle on spreadsheet: "The Jacobin Club of Marseilles"
=590  \\$aHorward Collection$9LOCAL
=700  1\$aKennedy, Michael L.
=936  1\$aHorward, Donald D.,$edonor$9LOCAL

