=LDR  00644nam a2200181Mi 4500
=008  \\\\\\s1966\\\\xx\\\\\\\\\\\\000\0\\\\\d
=040  \\$aFDA$beng$cFDA
=035  \\$a(FSUSCA)Horward_Row_2_Section_10_1753
=245  00$aJean-Baptiste Bernadotte /$cMusee Bernadotte a Pau
=264  \1$a[Place of publication not identified] :$bEditions Allhem,$c1966
=300  \\$avolume
=336  \\$atext$btxt$2rdacontent
=337  \\$aunmediated$bn$2rdamedia
=338  \\$avolume$bnc$2rdacarrier
=500  \\$aTitle on spreadsheet: "Jean-Baptiste Bernadotte"
=590  \\$aHorward Collection$9LOCAL
=710  2\$aMusee Bernadotte a Pau
=936  1\$aHorward, Donald D.,$edonor$9LOCAL

