=LDR  00716nam a2200181Mi 4500
=008  \\\\\\s1971\\\\xx\\\\\\\\\\\\000\0\\\\\d
=040  \\$aFDA$beng$cFDA
=035  \\$a(FSUSCA)Horward_Row_2_Section_10_1808
=245  00$aJean-Francois Reubell, French Revolutionary, Patriot, and Director /$cGerlof D. Homan
=264  \1$a[Place of publication not identified] :$bMartinus Nijhoff,$c1971
=300  \\$avolume
=336  \\$atext$btxt$2rdacontent
=337  \\$aunmediated$bn$2rdamedia
=338  \\$avolume$bnc$2rdacarrier
=500  \\$aTitle on spreadsheet: "Jean-Francois Reubell: French Revolutionary, Patriot, and Director"
=590  \\$aHorward Collection$9LOCAL
=700  1\$aHoman, Gerlof D.
=936  1\$aHorward, Donald D.,$edonor$9LOCAL

