=LDR  00698nam a2200181Mi 4500
=008  \\\\\\s1980\\\\xx\\\\\\\\\\\\000\0\\\\\d
=040  \\$aFDA$beng$cFDA
=035  \\$a(FSUSCA)Horward_Row_2_Section_12_2031
=245  00$aJean-Henri Voulland in the National Convention /$cTimothy Andrew Brewton
=264  \1$a[Place of publication not identified] :$bFlorida State University,$c1980
=300  \\$avolume
=336  \\$atext$btxt$2rdacontent
=337  \\$aunmediated$bn$2rdamedia
=338  \\$avolume$bnc$2rdacarrier
=500  \\$aTitle on spreadsheet: "Jean-Henri Voulland in the National Convention"
=590  \\$aHorward Collection$9LOCAL
=700  1\$aBrewton, Timothy Andrew
=936  1\$aHorward, Donald D.,$edonor$9LOCAL

