=LDR  00808nam a2200193Mi 4500
=008  \\\\\\s1963\\\\xx\\\\\\\\\\\\000\0\\\\\d
=040  \\$aFDA$beng$cFDA
=035  \\$a(FSUSCA)Horward_Row_2_Section_2_324
=245  00$aJean-Jacques Rousseau (1712-1778), Pour le 250 anniversaire de sa naissance /$cSocietes des Etudes Robespierristes
=264  \1$a[Place of publication not identified] :$bImprimerie Louis-Jean,$c1963
=300  \\$avolume
=336  \\$atext$btxt$2rdacontent
=337  \\$aunmediated$bn$2rdamedia
=338  \\$avolume$bnc$2rdacarrier
=500  \\$aTitle on spreadsheet: "Jean-Jacques Rousseau (1712-1778): Pour le 250 anniversaire de sa naissance"
=500  \\$aCustom binding.
=590  \\$aHorward Collection$9LOCAL
=710  2\$aSocietes des Etudes Robespierristes
=936  1\$aHorward, Donald D.,$edonor$9LOCAL

