=LDR  00656nam a2200181Mi 4500
=008  \\\\\\s1972\\\\xx\\\\\\\\\\\\000\0\\\\\d
=040  \\$aFDA$beng$cFDA
=035  \\$a(FSUSCA)Horward_Row_4_Section_7_2479
=245  00$aJean-Jacques Rousseau and His World /$cSir Gavin de Beer
=264  \1$a[Place of publication not identified] :$bG. P. Putnam's Sons,$c1972
=300  \\$avolume
=336  \\$atext$btxt$2rdacontent
=337  \\$aunmediated$bn$2rdamedia
=338  \\$avolume$bnc$2rdacarrier
=500  \\$aTitle on spreadsheet: "Jean-Jacques Rousseau and His World"
=590  \\$aHorward Collection$9LOCAL
=700  1\$ade Beer, Gavin
=936  1\$aHorward, Donald D.,$edonor$9LOCAL

