=LDR  00811nam a2200205Mi 4500
=008  \\\\\\s1974\\\\xx\\\\\\\\\\\\000\0\\\\\d
=040  \\$aFDA$beng$cFDA
=035  \\$a(FSUSCA)Horward_Row_2_Section_3_374
=245  00$aJena Campaign Studies$nVolume I /$cLTC Albert S. Britt, III
=264  \1$a[Place of publication not identified] :$bUnited States Military Department of History,$c1974
=300  \\$avolume
=336  \\$atext$btxt$2rdacontent
=337  \\$aunmediated$bn$2rdamedia
=338  \\$avolume$bnc$2rdacarrier
=500  \\$aTitle on spreadsheet: "Jena Campaign Studies, Volume I: Problems and Readings"
=500  \\$aCustom binding.
=500  \\$aJena Campaign Studies, Volume I: Problems and Readings
=590  \\$aHorward Collection$9LOCAL
=700  1\$aBritt, Albert S. III
=936  1\$aHorward, Donald D.,$edonor$9LOCAL

