=LDR  00679nam a2200193Mi 4500
=008  \\\\\\s1952\\\\xx\\\\\\\\\\\\000\0\\\\\d
=040  \\$aFDA$beng$cFDA
=035  \\$a(FSUSCA)Horward_Row_4_Section_6_2301
=245  00$aJerome Bonaparte, Roi de Wetsphalie /$cMarc-Andre Fabre
=264  \1$a[Place of publication not identified] :$bHachette,$c1952
=300  \\$avolume
=336  \\$atext$btxt$2rdacontent
=337  \\$aunmediated$bn$2rdamedia
=338  \\$avolume$bnc$2rdacarrier
=500  \\$aTitle on spreadsheet: "Jerome Bonaparte: Roi de Wetsphalie"
=500  \\$aCustom binding.
=590  \\$aHorward Collection$9LOCAL
=700  1\$aFabre, Marc-Andre
=936  1\$aHorward, Donald D.,$edonor$9LOCAL

