=LDR  00664nam a2200181Mi 4500
=008  \\\\\\s2000\\\\xx\\\\\\\\\\\\000\0\\\\\d
=040  \\$aFDA$beng$cFDA
=035  \\$a(FSUSCA)Horward_Row_4_Section_7_2489
=245  00$aJerome Bonaparte, The War Years, 1800-1815 /$cGlenn J. Lamar
=264  \1$a[Place of publication not identified] :$bGreenwood Press,$c2000
=300  \\$avolume
=336  \\$atext$btxt$2rdacontent
=337  \\$aunmediated$bn$2rdamedia
=338  \\$avolume$bnc$2rdacarrier
=500  \\$aTitle on spreadsheet: "Jerome Bonaparte: The War Years, 1800-1815"
=590  \\$aHorward Collection$9LOCAL
=700  1\$aLamar, Glenn J.
=936  1\$aHorward, Donald D.,$edonor$9LOCAL

