=LDR  00720nam a2200181Mi 4500
=008  \\\\\\s1986\\\\xx\\\\\\\\\\\\000\0\\\\\d
=040  \\$aFDA$beng$cFDA
=035  \\$a(FSUSCA)Horward_Row_2_Section_11_1946
=245  00$aJohn Biggs Cincinnati Lectures in Military Leadership and Command /$cHenry S. Bausam
=264  \1$a[Place of publication not identified] :$bThe VMI Foundation,$c1986
=300  \\$avolume
=336  \\$atext$btxt$2rdacontent
=337  \\$aunmediated$bn$2rdamedia
=338  \\$avolume$bnc$2rdacarrier
=500  \\$aTitle on spreadsheet: "The John Biggs Cincinnati Lectures in Military Leadership and Command"
=590  \\$aHorward Collection$9LOCAL
=700  1\$aBausam, Henry S.
=936  1\$aHorward, Donald D.,$edonor$9LOCAL

