=LDR  00730nam a2200181Mi 4500
=008  \\\\\\s1986\\\\xx\\\\\\\\\\\\000\0\\\\\d
=040  \\$aFDA$beng$cFDA
=035  \\$a(FSUSCA)Horward_Row_2_Section_9_1461
=245  00$aJohn Briggs Cincinnati Lectures in the Military Leadership and Command /$cHenry S. Bausum
=264  \1$a[Place of publication not identified] :$bVMI Foundation,$c1986
=300  \\$avolume
=336  \\$atext$btxt$2rdacontent
=337  \\$aunmediated$bn$2rdamedia
=338  \\$avolume$bnc$2rdacarrier
=500  \\$aTitle on spreadsheet: "The John Briggs Cincinnati Lectures in the Military Leadership and Command 1986"
=590  \\$aHorward Collection$9LOCAL
=700  1\$aBausum, Henry S.
=936  1\$aHorward, Donald D.,$edonor$9LOCAL

