=LDR  00781nam a2200193Mi 4500
=008  \\\\\\s1971\\\\xx\\\\\\\\\\\\000\0\\\\\d
=040  \\$aFDA$beng$cFDA
=035  \\$a(FSUSCA)Horward_Row_2_Section_3_414
=245  00$aJose Bonaparte Rey De Espana 1808-1813 /$cJuan Mercader Riba
=264  \1$a[Place of publication not identified] :$bConsejo Superior de investigaciones Cientificas Instituto Jeronimo Zurita Escuela de Historia Moderna,$c1971
=300  \\$avolume
=336  \\$atext$btxt$2rdacontent
=337  \\$aunmediated$bn$2rdamedia
=338  \\$avolume$bnc$2rdacarrier
=500  \\$aTitle on spreadsheet: "Jose Bonaparte Rey De Espana 1808-1813"
=500  \\$aCustom binding.
=590  \\$aHorward Collection$9LOCAL
=700  1\$aRiba, Juan Mercader
=936  1\$aHorward, Donald D.,$edonor$9LOCAL

