=LDR  00726nam a2200193Mi 4500
=008  \\\\\\s1919\\\\xx\\\\\\\\\\\\000\0\\\\\d
=040  \\$aFDA$beng$cFDA
=035  \\$a(FSUSCA)Horward_Row_2_Section_4_(Right)_668
=245  00$aJosephine, Imperatrice et Reine (1804-1809)$nVol. III /$cFrederic Masson
=264  \1$a[Place of publication not identified] :$bAlbin Michel,$c[1919]
=300  \\$avolume
=336  \\$atext$btxt$2rdacontent
=337  \\$aunmediated$bn$2rdamedia
=338  \\$avolume$bnc$2rdacarrier
=500  \\$aTitle on spreadsheet: "Josephine, Imperatrice et Reine (1804-1809), Vol. III"
=500  \\$aCustom binding.
=590  \\$aHorward Collection$9LOCAL
=700  1\$aMasson, Frederic
=936  1\$aHorward, Donald D.,$edonor$9LOCAL

