=LDR  00692nam a2200193Mi 4500
=008  \\\\\\s1934\\\\xx\\\\\\\\\\\\000\0\\\\\d
=040  \\$aFDA$beng$cFDA
=035  \\$a(FSUSCA)Horward_Row_2_Section_10_1679
=245  00$aJosephine, Wife of Napoleon /$cE.A. Reinhardt and Caroline Fredrick
=264  \1$a[Place of publication not identified] :$bAlfred A. Knopf,$c1934
=300  \\$avolume
=336  \\$atext$btxt$2rdacontent
=337  \\$aunmediated$bn$2rdamedia
=338  \\$avolume$bnc$2rdacarrier
=500  \\$aTitle on spreadsheet: "Josephine, Wife of Napoleon"
=590  \\$aHorward Collection$9LOCAL
=700  1\$aReinhardt, E.A.
=700  1\$aFredrick, Caroline
=936  1\$aHorward, Donald D.,$edonor$9LOCAL

