=LDR  00685nam a2200193Mi 4500
=008  \\\\\\s1967\\\\xx\\\\\\\\\\\\000\0\\\\\d
=040  \\$aFDA$beng$cFDA
=035  \\$a(FSUSCA)Horward_Row_2_Section_6_1051
=245  00$aJosephine, A Biography /$cAndre Castelot and Denise Folliot
=264  \1$a[Place of publication not identified] :$bHarper and Row Publishers,$c1967
=300  \\$avolume
=336  \\$atext$btxt$2rdacontent
=337  \\$aunmediated$bn$2rdamedia
=338  \\$avolume$bnc$2rdacarrier
=500  \\$aTitle on spreadsheet: "Josephine: A Biography"
=590  \\$aHorward Collection$9LOCAL
=700  1\$aCastelot, Andre
=700  1\$aFolliot, Denise
=936  1\$aHorward, Donald D.,$edonor$9LOCAL

