=LDR  00699nam a2200193Mi 4500
=008  \\\\\\s2002\\\\xx\\\\\\\\\\\\000\0\\\\\d
=040  \\$aFDA$beng$cFDA
=035  \\$a(FSUSCA)Horward_Row_2_Section_11_1998
=245  00$aJosephine, Napoleon's Incomparable Empress /$cEleanor P. Delorme
=264  \1$a[Place of publication not identified] :$bHarry N. Abrams,$c2002
=300  \\$avolume
=336  \\$atext$btxt$2rdacontent
=337  \\$aunmediated$bn$2rdamedia
=338  \\$avolume$bnc$2rdacarrier
=500  \\$aTitle on spreadsheet: "Josephine: Napoleon's Incomparable Empress"
=500  \\$aEnvelope.
=590  \\$aHorward Collection$9LOCAL
=700  1\$aDelorme, Eleanor P.
=936  1\$aHorward, Donald D.,$edonor$9LOCAL

