=LDR  00729nam a2200205Mi 4500
=008  \\\\\\s1899\\\\xx\\\\\\\\\\\\000\0\\\\\d
=040  \\$aFDA$beng$cFDA
=035  \\$a(FSUSCA)Horward_Row_2_Section_4_(Right)_672
=245  00$aJosephine de Beauharnais, 1763-1796$nVol. I /$cFrederic Masson
=250  \\$aNinth
=264  \1$a[Place of publication not identified] :$bPaul Ollendorff,$c1899
=300  \\$avolume
=336  \\$atext$btxt$2rdacontent
=337  \\$aunmediated$bn$2rdamedia
=338  \\$avolume$bnc$2rdacarrier
=500  \\$aTitle on spreadsheet: "Josephine de Beauharnais: 1763-1796, Vol. I"
=500  \\$aCustom binding.
=590  \\$aHorward Collection$9LOCAL
=700  1\$aMasson, Frederic
=936  1\$aHorward, Donald D.,$edonor$9LOCAL

