=LDR  00657nam a2200181Mi 4500
=008  \\\\\\s1930\\\\xx\\\\\\\\\\\\000\0\\\\\d
=040  \\$aFDA$beng$cFDA
=035  \\$a(FSUSCA)Horward_Row_2_Section_8_1318
=245  00$aJosephine The Portrait of a Woman /$cR. McNair Wilson
=264  \1$a[Place of publication not identified] :$bEyre and Spottiswoode,$c1930
=300  \\$avolume
=336  \\$atext$btxt$2rdacontent
=337  \\$aunmediated$bn$2rdamedia
=338  \\$avolume$bnc$2rdacarrier
=500  \\$aTitle on spreadsheet: "Josephine The Portrait of a Woman "
=590  \\$aHorward Collection$9LOCAL
=700  1\$aWilson, R. McNair
=936  1\$aHorward, Donald D.,$edonor$9LOCAL

