=LDR  00675nam a2200193Mi 4500
=008  \\\\\\s1974\\\\xx\\\\\\\\\\\\000\0\\\\\d
=040  \\$aFDA$beng$cFDA
=035  \\$a(FSUSCA)Horward_Row_2_Section_6_992
=245  00$aJoseph Pascal de Vallongue /$cJoseph Chambon
=264  \1$a[Place of publication not identified] :$bLes Presses Universelles,$c[1974]
=300  \\$avolume
=336  \\$atext$btxt$2rdacontent
=337  \\$aunmediated$bn$2rdamedia
=338  \\$avolume$bnc$2rdacarrier
=500  \\$aTitle on spreadsheet: "Joseph Pascal de Vallongue "
=500  \\$aCustom binding.
=590  \\$aHorward Collection$9LOCAL
=700  1\$aChambon, Joseph
=936  1\$aHorward, Donald D.,$edonor$9LOCAL

