=LDR  00691nam a2200193Mi 4500
=008  \\\\\\s1906\\\\xx\\\\\\\\\\\\000\0\\\\\d
=040  \\$aFDA$beng$cFDA
=035  \\$a(FSUSCA)Horward_Row_4_Section_8_2658
=245  00$aJourdan en Allemagne and Bruce en Hollande /$cGachot
=264  \1$a[Place of publication not identified] :$bLibrairie Academique Perrin,$c1906
=300  \\$avolume
=336  \\$atext$btxt$2rdacontent
=337  \\$aunmediated$bn$2rdamedia
=338  \\$avolume$bnc$2rdacarrier
=500  \\$aTitle on spreadsheet: "Jourdan en Allemagne and Bruce en Hollande"
=500  \\$aCustom binding.
=590  \\$aHorward Collection$9LOCAL
=700  1\$aGachot
=936  1\$aHorward, Donald D.,$edonor$9LOCAL

