=LDR  00676nam a2200193Mi 4500
=008  \\\\\\s1904\\\\xx\\\\\\\\\\\\000\0\\\\\d
=040  \\$aFDA$beng$cFDA
=035  \\$a(FSUSCA)Horward_Row_4_Section_8_2659
=245  00$aJournal de L'Expedition D'Egypte /$cDoguereau
=264  \1$a[Place of publication not identified] :$bLibrairie Academique Dider,$c1904
=300  \\$avolume
=336  \\$atext$btxt$2rdacontent
=337  \\$aunmediated$bn$2rdamedia
=338  \\$avolume$bnc$2rdacarrier
=500  \\$aTitle on spreadsheet: "Journal de L'Expedition D'Egypte"
=500  \\$aCustom binding.
=590  \\$aHorward Collection$9LOCAL
=700  1\$aDoguereau
=936  1\$aHorward, Donald D.,$edonor$9LOCAL

