=LDR  00675nam a2200205Mi 4500
=008  \\\\\\s1937\\\\xx\\\\\\\\\\\\000\0\\\\\d
=040  \\$aFDA$beng$cFDA
=035  \\$a(FSUSCA)Horward_Row_2_Section_6_983
=245  00$aJunot dit LA TEMPETE /$cJ. Lucas-Dubreton
=250  \\$aFifth
=264  \1$a[Place of publication not identified] :$bGallimard,$c1937
=300  \\$avolume
=336  \\$atext$btxt$2rdacontent
=337  \\$aunmediated$bn$2rdamedia
=338  \\$avolume$bnc$2rdacarrier
=500  \\$aTitle on spreadsheet: "Junot dit "LA TEMPETE""
=500  \\$aCustom binding.
=590  \\$aHorward Collection$9LOCAL
=700  1\$aLucas-Dubreton, J.
=936  1\$aHorward, Donald D.,$edonor$9LOCAL

