=LDR  00633nam a2200193Mi 4500
=008  \\\\\\s1949\\\\xx\\\\\\\\\\\\000\0\\\\\d
=040  \\$aFDA$beng$cFDA
=035  \\$a(FSUSCA)Horward_Row_2_Section_8_1437
=245  00$aKellermann /$cMaurice Heim
=264  \1$a[Place of publication not identified] :$bLa Nouvelle Edition,$c1949
=300  \\$avolume
=336  \\$atext$btxt$2rdacontent
=337  \\$aunmediated$bn$2rdamedia
=338  \\$avolume$bnc$2rdacarrier
=500  \\$aTitle on spreadsheet: "Kellermann "
=500  \\$aCustom binding.
=590  \\$aHorward Collection$9LOCAL
=700  1\$aHeim, Maurice
=936  1\$aHorward, Donald D.,$edonor$9LOCAL

