=LDR  00644nam a2200181Mi 4500
=008  \\\\\\s1967\\\\xx\\\\\\\\\\\\000\0\\\\\d
=040  \\$aFDA$beng$cFDA
=035  \\$a(FSUSCA)Horward_Row_2_Section_7_1207
=245  00$aKing's Royal Rifle Corps /$cHerbert Fairlie Wood
=264  \1$a[Place of publication not identified] :$bHamish Hamilton,$c1967
=300  \\$avolume
=336  \\$atext$btxt$2rdacontent
=337  \\$aunmediated$bn$2rdamedia
=338  \\$avolume$bnc$2rdacarrier
=500  \\$aTitle on spreadsheet: "The King's Royal Rifle Corps"
=590  \\$aHorward Collection$9LOCAL
=700  1\$aWood, Herbert Fairlie
=936  1\$aHorward, Donald D.,$edonor$9LOCAL

