=LDR  00637nam a2200181Mi 4500
=008  \\\\\\s1932\\\\xx\\\\\\\\\\\\000\0\\\\\d
=040  \\$aFDA$beng$cFDA
=035  \\$a(FSUSCA)Horward_Row_2_Section_1_53
=245  00$aKing of Rome, Napoleon II /$cAubry, Octave
=264  \1$a[Place of publication not identified] :$bJ.B. Lippincott Company,$c1932
=300  \\$avolume
=336  \\$atext$btxt$2rdacontent
=337  \\$aunmediated$bn$2rdamedia
=338  \\$avolume$bnc$2rdacarrier
=500  \\$aTitle on spreadsheet: "The King of Rome: Napoleon II"
=590  \\$aHorward Collection$9LOCAL
=700  1\$aAubry, Octave
=936  1\$aHorward, Donald D.,$edonor$9LOCAL

