=LDR  00744nam a2200181Mi 4500
=008  \\\\\\s1964\\\\xx\\\\\\\\\\\\000\0\\\\\d
=040  \\$aFDA$beng$cFDA
=035  \\$a(FSUSCA)Horward_Row_2_Section_9_1452
=245  00$aKnight of the Sword The Life and Letters of Admiral Sir William Sidney Smith /$cLord Russel of Liverpool
=264  \1$a[Place of publication not identified] :$bGollancz,$c1964
=300  \\$avolume
=336  \\$atext$btxt$2rdacontent
=337  \\$aunmediated$bn$2rdamedia
=338  \\$avolume$bnc$2rdacarrier
=500  \\$aTitle on spreadsheet: "Knight of the Sword The Life and Letters of Admiral Sir William Sidney Smith"
=590  \\$aHorward Collection$9LOCAL
=700  1\$aLord Russel of Liverpool
=936  1\$aHorward, Donald D.,$edonor$9LOCAL

