=LDR  00675nam a2200193Mi 4500
=008  \\\\\\s1914\\\\xx\\\\\\\\\\\\000\0\\\\\d
=040  \\$aFDA$beng$cFDA
=035  \\$a(FSUSCA)Horward_Row_2_Section_3_400
=245  00$aL'Albanie et Napoleon (1797-1814) /$cA. Boppe
=264  \1$a[Place of publication not identified] :$bLibrairie Hachette et Cie,$c1914
=300  \\$avolume
=336  \\$atext$btxt$2rdacontent
=337  \\$aunmediated$bn$2rdamedia
=338  \\$avolume$bnc$2rdacarrier
=500  \\$aTitle on spreadsheet: "L'Albanie et Napoleon (1797-1814)"
=500  \\$aCustom binding.
=590  \\$aHorward Collection$9LOCAL
=700  1\$aBoppe, A.
=936  1\$aHorward, Donald D.,$edonor$9LOCAL

