=LDR  00730nam a2200181Mi 4500
=008  \\\\\\s1992\\\\xx\\\\\\\\\\\\000\0\\\\\d
=040  \\$aFDA$beng$cFDA
=035  \\$a(FSUSCA)Horward_Row_4_Section_7_2334
=245  00$aL'Armee Francaise, An Illustrated History of the French Army 1790-1885 /$cEdouard Detaille
=264  \1$a[Place of publication not identified] :$bWaxtel and Hasenauer,$c1992
=300  \\$avolume
=336  \\$atext$btxt$2rdacontent
=337  \\$aunmediated$bn$2rdamedia
=338  \\$avolume$bnc$2rdacarrier
=500  \\$aTitle on spreadsheet: "L'Armee Francaise: An Illustrated History of the French Army 1790-1885 "
=590  \\$aHorward Collection$9LOCAL
=700  1\$aDetaille, Edouard
=936  1\$aHorward, Donald D.,$edonor$9LOCAL

