=LDR  00740nam a2200193Mi 4500
=008  \\\\\\s1898\\\\xx\\\\\\\\\\\\000\0\\\\\d
=040  \\$aFDA$beng$cFDA
=035  \\$a(FSUSCA)Horward_Row_2_Section_3_502
=245  00$aL'Assistance Publique a Paris Pendant La Revolution$nvol. 3 /$cAlexandre Tuetey
=264  \1$a[Place of publication not identified] :$bImprimerie Nationale,$c1898
=300  \\$avolume
=336  \\$atext$btxt$2rdacontent
=337  \\$aunmediated$bn$2rdamedia
=338  \\$avolume$bnc$2rdacarrier
=500  \\$aTitle on spreadsheet: "L'Assistance Publique a Paris Pendant La Revolution, Vol. III"
=500  \\$aCustom binding.
=590  \\$aHorward Collection$9LOCAL
=700  1\$aTuetey, Alexandre
=936  1\$aHorward, Donald D.,$edonor$9LOCAL

