=LDR  00662nam a2200193Mi 4500
=008  \\\\\\s1912\\\\xx\\\\\\\\\\\\000\0\\\\\d
=040  \\$aFDA$beng$cFDA
=035  \\$a(FSUSCA)Horward_Row_2_Section_7_1121
=245  00$aL'Avenement de Bonaparte$nVol 1 /$cAlbert Vandal
=264  \1$a[Place of publication not identified] :$bLibrary Plon,$c1912
=300  \\$avolume
=336  \\$atext$btxt$2rdacontent
=337  \\$aunmediated$bn$2rdamedia
=338  \\$avolume$bnc$2rdacarrier
=500  \\$aTitle on spreadsheet: "L'Avenement de Bonaparte"
=500  \\$aCustom binding.
=590  \\$aHorward Collection$9LOCAL
=700  1\$aVandal, Albert
=936  1\$aHorward, Donald D.,$edonor$9LOCAL

