=LDR  00609nam a2200181Mi 4500
=008  \\\\\\s1965\\\\xx\\\\\\\\\\\\000\0\\\\\d
=040  \\$aFDA$beng$cFDA
=035  \\$a(FSUSCA)Horward_Row_2_Section_11_1863
=245  00$al'Empire /$cGuillaume Janneau
=264  \1$a[Place of publication not identified] :$bVincent, Freal et Cie,$c1965
=300  \\$avolume
=336  \\$atext$btxt$2rdacontent
=337  \\$aunmediated$bn$2rdamedia
=338  \\$avolume$bnc$2rdacarrier
=500  \\$aTitle on spreadsheet: "l'Empire"
=590  \\$aHorward Collection$9LOCAL
=700  1\$aJanneau, Guillaume
=936  1\$aHorward, Donald D.,$edonor$9LOCAL

