=LDR  00653nam a2200193Mi 4500
=008  \\\\\\s1895\\\\xx\\\\\\\\\\\\000\0\\\\\d
=040  \\$aFDA$beng$cFDA
=035  \\$a(FSUSCA)Horward_Row_2_Section_6_971
=245  00$aL'Epopee de Waterloo /$cGeorges Barral
=264  \1$a[Place of publication not identified] :$bErnest Flammarion,$c1895
=300  \\$avolume
=336  \\$atext$btxt$2rdacontent
=337  \\$aunmediated$bn$2rdamedia
=338  \\$avolume$bnc$2rdacarrier
=500  \\$aTitle on spreadsheet: "L'Epopee de Waterloo"
=500  \\$aCustom binding.
=590  \\$aHorward Collection$9LOCAL
=700  1\$aBarral, Georges
=936  1\$aHorward, Donald D.,$edonor$9LOCAL

