=LDR  00627nam a2200181Mi 4500
=008  \\\\\\s1909\\\\xx\\\\\\\\\\\\000\0\\\\\d
=040  \\$aFDA$beng$cFDA
=035  \\$a(FSUSCA)Horward_Row_2_Section_9_1506
=245  00$aL'Espagne en 1810 /$cAlbert Savine
=264  \1$a[Place of publication not identified] :$bCollectio Historique Illustree,$c1909
=300  \\$avolume
=336  \\$atext$btxt$2rdacontent
=337  \\$aunmediated$bn$2rdamedia
=338  \\$avolume$bnc$2rdacarrier
=500  \\$aTitle on spreadsheet: "L'Espagne en 1810"
=590  \\$aHorward Collection$9LOCAL
=700  1\$aSavine, Albert
=936  1\$aHorward, Donald D.,$edonor$9LOCAL

