=LDR  00720nam a2200193Mi 4500
=008  \\\\\\s1958\\\\xx\\\\\\\\\\\\000\0\\\\\d
=040  \\$aFDA$beng$cFDA
=035  \\$a(FSUSCA)Horward_Row_2_Section_10_1797
=245  00$aL'Etrange Passion de Junot, duc D'Abrantes /$cSuzanne de Callias
=264  \1$a[Place of publication not identified] :$bMistral Monaco,$c1958
=300  \\$avolume
=336  \\$atext$btxt$2rdacontent
=337  \\$aunmediated$bn$2rdamedia
=338  \\$avolume$bnc$2rdacarrier
=500  \\$aTitle on spreadsheet: "L'Etrange Passion de Junot, duc D'Abrantes"
=500  \\$aSpine almost completely broken.
=590  \\$aHorward Collection$9LOCAL
=700  1\$ade Callias, Suzanne
=936  1\$aHorward, Donald D.,$edonor$9LOCAL

