=LDR  00698nam a2200181Mi 4500
=008  \\\\\\suuuu\\\\xx\\\\\\\\\\\\000\0\\\\\d
=040  \\$aFDA$beng$cFDA
=035  \\$a(FSUSCA)Horward_Row_4_Section_7_2507
=245  00$aL'Europe et la Fondation de L'Empire Francais /$cAlbert Sorel
=264  \1$a[Place of publication not identified] :$bPlon et Nourrit,$c[date of publication not identified]
=300  \\$avolume
=336  \\$atext$btxt$2rdacontent
=337  \\$aunmediated$bn$2rdamedia
=338  \\$avolume$bnc$2rdacarrier
=500  \\$aTitle on spreadsheet: "L'Europe et la Fondation de L'Empire Francais"
=590  \\$aHorward Collection$9LOCAL
=700  1\$aSorel, Albert
=936  1\$aHorward, Donald D.,$edonor$9LOCAL

