=LDR  00752nam a2200205Mi 4500
=008  \\\\\\s1914\\\\xx\\\\\\\\\\\\000\0\\\\\d
=040  \\$aFDA$beng$cFDA
=035  \\$a(FSUSCA)Horward_Row_2_Section_1_50
=245  00$aL'Evacuation de L'Espagne dans le Midi$nVol. 2 /$cVidal de la Blache, Paul
=264  \1$a[Place of publication not identified] :$bBerger Lavreau,$c1914
=300  \\$avolume
=336  \\$atext$btxt$2rdacontent
=337  \\$aunmediated$bn$2rdamedia
=338  \\$avolume$bnc$2rdacarrier
=500  \\$aTitle on spreadsheet: "L'Evacuation de L'Espagne dans le Midi, Vol. 2"
=500  \\$aCustom binding.
=500  \\$aLoose ephemera.
=590  \\$aHorward Collection$9LOCAL
=700  1\$aVidal de la Blache, Paul
=936  1\$aHorward, Donald D.,$edonor$9LOCAL

