=LDR  00663nam a2200193Mi 4500
=008  \\\\\\s1960\\\\xx\\\\\\\\\\\\000\0\\\\\d
=040  \\$aFDA$beng$cFDA
=035  \\$a(FSUSCA)Horward_Row_2_Section_3_417
=245  00$aL'Evade de Sainte-Helene /$cTheo Fleischman
=264  \1$a[Place of publication not identified] :$bBrepols Bruxelles,$c1960
=300  \\$avolume
=336  \\$atext$btxt$2rdacontent
=337  \\$aunmediated$bn$2rdamedia
=338  \\$avolume$bnc$2rdacarrier
=500  \\$aTitle on spreadsheet: "L'Evade de Sainte-Helene"
=500  \\$aCustom binding.
=590  \\$aHorward Collection$9LOCAL
=700  1\$aFleischman, Theo
=936  1\$aHorward, Donald D.,$edonor$9LOCAL

