=LDR  00668nam a2200193Mi 4500
=008  \\\\\\s1989\\\\xx\\\\\\\\\\\\000\0\\\\\d
=040  \\$aFDA$beng$cFDA
=035  \\$a(FSUSCA)Horward_Row_2_Section_2_348
=245  00$aL'Expedition D'Egypte 1798-1801 /$cHenry Laurens
=264  \1$a[Place of publication not identified] :$bArmand Colin,$c1989
=300  \\$avolume
=336  \\$atext$btxt$2rdacontent
=337  \\$aunmediated$bn$2rdamedia
=338  \\$avolume$bnc$2rdacarrier
=500  \\$aTitle on spreadsheet: "L'Expedition D'Egypte 1798-1801"
=500  \\$aCustom binding.
=590  \\$aHorward Collection$9LOCAL
=700  1\$aLaurens, Henry
=936  1\$aHorward, Donald D.,$edonor$9LOCAL

