=LDR  00700nam a2200193Mi 4500
=008  \\\\\\s1939\\\\xx\\\\\\\\\\\\000\0\\\\\d
=040  \\$aFDA$beng$cFDA
=035  \\$a(FSUSCA)Horward_Row_2_Section_10_1751
=245  00$aL'Histoire Racontee Par Ses Temoins Louis XVI /$cJ. B. Ebeling
=264  \1$a[Place of publication not identified] :$bLibrairie Plon,$c1939
=300  \\$avolume
=336  \\$atext$btxt$2rdacontent
=337  \\$aunmediated$bn$2rdamedia
=338  \\$avolume$bnc$2rdacarrier
=500  \\$aTitle on spreadsheet: "L'Histoire Racontee Par Ses Temoins Louis XVI"
=500  \\$aCustom binding.
=590  \\$aHorward Collection$9LOCAL
=700  1\$aEbeling, J. B.
=936  1\$aHorward, Donald D.,$edonor$9LOCAL

