=LDR  00691nam a2200193Mi 4500
=008  \\\\\\suuuu\\\\xx\\\\\\\\\\\\000\0\\\\\d
=040  \\$aFDA$beng$cFDA
=035  \\$a(FSUSCA)Horward_Row_4_Section_7_2511
=245  00$aL'Hotel des Invalides /$cGeneral Niox
=264  \1$a[Place of publication not identified] :$bCh. Delgrave,$c[date of publication not identified]
=300  \\$avolume
=336  \\$atext$btxt$2rdacontent
=337  \\$aunmediated$bn$2rdamedia
=338  \\$avolume$bnc$2rdacarrier
=500  \\$aTitle on spreadsheet: "L'Hotel des Invalides"
=500  \\$aMay contain custom binding.
=590  \\$aHorward Collection$9LOCAL
=700  1\$aNiox, General
=936  1\$aHorward, Donald D.,$edonor$9LOCAL

