=LDR  00770nam a2200193Mi 4500
=008  \\\\\\s1930\\\\xx\\\\\\\\\\\\000\0\\\\\d
=040  \\$aFDA$beng$cFDA
=035  \\$a(FSUSCA)Horward_Row_2_Section_3_503
=245  00$aL'Immortelle Epopee du Drapeau Tricolore Napoleon Le Grand 1769-1821$nVol. I-III /$cEdouard Driault
=264  \1$a[Place of publication not identified] :$bF. Rousseaux,$c1930
=300  \\$avolume
=336  \\$atext$btxt$2rdacontent
=337  \\$aunmediated$bn$2rdamedia
=338  \\$avolume$bnc$2rdacarrier
=500  \\$aTitle on spreadsheet: "L'Immortelle Epopee du Drapeau Tricolore Napoleon Le Grand 1769-1821, Vol. I-III"
=500  \\$aCustom binding.
=590  \\$aHorward Collection$9LOCAL
=700  1\$aDriault, Edouard
=936  1\$aHorward, Donald D.,$edonor$9LOCAL

