=LDR  00651nam a2200193Mi 4500
=008  \\\\\\s1946\\\\xx\\\\\\\\\\\\000\0\\\\\d
=040  \\$aFDA$beng$cFDA
=035  \\$a(FSUSCA)Horward_Row_4_Section_7_2410
=245  00$aL'Imperatrice Josephine /$cJacques Janssens
=264  \1$a[Place of publication not identified] :$bSPLE,$c1946
=300  \\$avolume
=336  \\$atext$btxt$2rdacontent
=337  \\$aunmediated$bn$2rdamedia
=338  \\$avolume$bnc$2rdacarrier
=500  \\$aTitle on spreadsheet: "L'Imperatrice Josephine"
=500  \\$aCustom binding.
=590  \\$aHorward Collection$9LOCAL
=700  1\$aJanssens, Jacques
=936  1\$aHorward, Donald D.,$edonor$9LOCAL

