=LDR  00615nam a2200181Mi 4500
=008  \\\\\\s1996\\\\xx\\\\\\\\\\\\000\0\\\\\d
=040  \\$aFDA$beng$cFDA
=035  \\$a(FSUSCA)Horward_Row_4_Section_6_2267
=245  00$aL'Objet D'Art /$cJeanne Faton-Boyance
=264  \1$a[Place of publication not identified] :$bAlix Delande,$c1996
=300  \\$avolume
=336  \\$atext$btxt$2rdacontent
=337  \\$aunmediated$bn$2rdamedia
=338  \\$avolume$bnc$2rdacarrier
=500  \\$aTitle on spreadsheet: "L'Objet D'Art"
=590  \\$aHorward Collection$9LOCAL
=700  1\$aFaton-Boyance, Jeanne
=936  1\$aHorward, Donald D.,$edonor$9LOCAL

