=LDR  00717nam a2200193Mi 4500
=008  \\\\\\s1978\\\\xx\\\\\\\\\\\\000\0\\\\\d
=040  \\$aFDA$beng$cFDA
=035  \\$a(FSUSCA)Horward_Row_2_Section_3_509
=245  00$aLa Bataille des Arapilles (12 Julliet 1812) /$cJean Sarramon
=264  \1$a[Place of publication not identified] :$bDe L'Universite de Toulouse-Le Mirail,$c1978
=300  \\$avolume
=336  \\$atext$btxt$2rdacontent
=337  \\$aunmediated$bn$2rdamedia
=338  \\$avolume$bnc$2rdacarrier
=500  \\$aTitle on spreadsheet: "La Bataille des Arapilles (12 Julliet 1812)"
=500  \\$aCustom binding.
=590  \\$aHorward Collection$9LOCAL
=700  1\$aSarramon, Jean
=936  1\$aHorward, Donald D.,$edonor$9LOCAL

