=LDR  00683nam a2200181Mi 4500
=008  \\\\\\s1935\\\\xx\\\\\\\\\\\\000\0\\\\\d
=040  \\$aFDA$beng$cFDA
=035  \\$a(FSUSCA)Horward_Row_2_Section_11_1876
=245  00$aLa Campagna Invernale del 1806-1807 in Polonia /$cAlberto Pollico
=264  \1$a[Place of publication not identified] :$bLa Libreria Dello Stato,$c1935
=300  \\$avolume
=336  \\$atext$btxt$2rdacontent
=337  \\$aunmediated$bn$2rdamedia
=338  \\$avolume$bnc$2rdacarrier
=500  \\$aTitle on spreadsheet: "La Campagna Invernale del 1806-1807 in Polonia"
=590  \\$aHorward Collection$9LOCAL
=700  1\$aPollico, Alberto
=936  1\$aHorward, Donald D.,$edonor$9LOCAL

