=LDR  00755nam a2200193Mi 4500
=008  \\\\\\s1935\\\\xx\\\\\\\\\\\\000\0\\\\\d
=040  \\$aFDA$beng$cFDA
=035  \\$a(FSUSCA)Horward_Row_2_Section_3_472
=245  00$aLa Campagne de France L'Invasion Decembre 1813 - Janvier 1814 /$cLefebvre de Behaine
=264  \1$a[Place of publication not identified] :$bLibrairie Academique Perrin,$c1935
=300  \\$avolume
=336  \\$atext$btxt$2rdacontent
=337  \\$aunmediated$bn$2rdamedia
=338  \\$avolume$bnc$2rdacarrier
=500  \\$aTitle on spreadsheet: "La Campagne de France L'Invasion Decembre 1813 - Janvier 1814"
=500  \\$aCustom binding.
=590  \\$aHorward Collection$9LOCAL
=700  1\$ade Behaine, Lefebvre
=936  1\$aHorward, Donald D.,$edonor$9LOCAL

