=LDR  00714nam a2200193Mi 4500
=008  \\\\\\suuuu\\\\xx\\\\\\\\\\\\000\0\\\\\d
=040  \\$aFDA$beng$cFDA
=035  \\$a(FSUSCA)Horward_Row_4_Section_6_2299
=245  00$aLa Carriere du Marechal Suchet /$cFrancois Rousseau
=264  \1$a[Place of publication not identified] :$bFirmin-Didot et Cie,$c[date of publication not identified]
=300  \\$avolume
=336  \\$atext$btxt$2rdacontent
=337  \\$aunmediated$bn$2rdamedia
=338  \\$avolume$bnc$2rdacarrier
=500  \\$aTitle on spreadsheet: "La Carriere du Marechal Suchet"
=500  \\$aCustom binding.
=590  \\$aHorward Collection$9LOCAL
=700  1\$aRousseau, Francois
=936  1\$aHorward, Donald D.,$edonor$9LOCAL

