=LDR  00656nam a2200193Mi 4500
=008  \\\\\\s1939\\\\xx\\\\\\\\\\\\000\0\\\\\d
=040  \\$aFDA$beng$cFDA
=035  \\$a(FSUSCA)Horward_Row_2_Section_6_954
=245  00$aLa Chute de Napoleon I /$cJean Thiry
=264  \1$a[Place of publication not identified] :$bEditions Berger-Levrault,$c1939
=300  \\$avolume
=336  \\$atext$btxt$2rdacontent
=337  \\$aunmediated$bn$2rdamedia
=338  \\$avolume$bnc$2rdacarrier
=500  \\$aTitle on spreadsheet: "La Chute de Napoleon I"
=500  \\$aCustom binding.
=590  \\$aHorward Collection$9LOCAL
=700  1\$aThiry, Jean
=936  1\$aHorward, Donald D.,$edonor$9LOCAL

