=LDR  00603nam a2200181Mi 4500
=008  \\\\\\s1949\\\\xx\\\\\\\\\\\\000\0\\\\\d
=040  \\$aFDA$beng$cFDA
=035  \\$a(FSUSCA)Horward_Row_4_Section_6_2189
=245  00$aLa Citoyenne Marat /$cRoger Regis
=264  \1$a[Place of publication not identified] :$bFerenczi,$c1949
=300  \\$avolume
=336  \\$atext$btxt$2rdacontent
=337  \\$aunmediated$bn$2rdamedia
=338  \\$avolume$bnc$2rdacarrier
=500  \\$aTitle on spreadsheet: "La Citoyenne Marat"
=590  \\$aHorward Collection$9LOCAL
=700  1\$aRegis, Roger
=936  1\$aHorward, Donald D.,$edonor$9LOCAL

