=LDR  00682nam a2200193Mi 4500
=008  \\\\\\s1969\\\\xx\\\\\\\\\\\\000\0\\\\\d
=040  \\$aFDA$beng$cFDA
=035  \\$a(FSUSCA)Horward_Row_2_Section_2_264
=245  00$aLa Comspiration de Batz 1793-1794 /$cLestapis
=264  \1$a[Place of publication not identified] :$bSociete des Etudes Robespieristes,$c1969
=300  \\$avolume
=336  \\$atext$btxt$2rdacontent
=337  \\$aunmediated$bn$2rdamedia
=338  \\$avolume$bnc$2rdacarrier
=500  \\$aTitle on spreadsheet: "La Comspiration de Batz 1793-1794"
=500  \\$aCustom binding.
=590  \\$aHorward Collection$9LOCAL
=700  1\$aLestapis
=936  1\$aHorward, Donald D.,$edonor$9LOCAL

