=LDR  00652nam a2200193Mi 4500
=008  \\\\\\s1911\\\\xx\\\\\\\\\\\\000\0\\\\\d
=040  \\$aFDA$beng$cFDA
=035  \\$a(FSUSCA)Horward_Row_4_Section_8_2640
=245  00$ala Cour du Roi Joseph /$cAlbert Savine
=264  \1$a[Place of publication not identified] :$bLouis Michaud,$c1911
=300  \\$avolume
=336  \\$atext$btxt$2rdacontent
=337  \\$aunmediated$bn$2rdamedia
=338  \\$avolume$bnc$2rdacarrier
=500  \\$aTitle on spreadsheet: "A la Cour du Roi Joseph"
=500  \\$aCustom binding.
=590  \\$aHorward Collection$9LOCAL
=700  1\$aSavine, Albert
=936  1\$aHorward, Donald D.,$edonor$9LOCAL

