=LDR  00715nam a2200193Mi 4500
=008  \\\\\\suuuu\\\\xx\\\\\\\\\\\\000\0\\\\\d
=040  \\$aFDA$beng$cFDA
=035  \\$a(FSUSCA)Horward_Row_2_Section_3_388
=245  00$aLa Courtisane de La Grande Armee /$cIda Saint-Elme
=264  \1$a[Place of publication not identified] :$bLibrairie Contemporaine,$c[date of publication not identified]
=300  \\$avolume
=336  \\$atext$btxt$2rdacontent
=337  \\$aunmediated$bn$2rdamedia
=338  \\$avolume$bnc$2rdacarrier
=500  \\$aTitle on spreadsheet: "La Courtisane de La Grande Armee"
=500  \\$aCustom binding.
=590  \\$aHorward Collection$9LOCAL
=700  1\$aSaint-Elme, Ida
=936  1\$aHorward, Donald D.,$edonor$9LOCAL

