=LDR  00715nam a2200193Mi 4500
=008  \\\\\\s1926\\\\xx\\\\\\\\\\\\000\0\\\\\d
=040  \\$aFDA$beng$cFDA
=035  \\$a(FSUSCA)Horward_Row_2_Section_2_278
=245  00$aLa Debacle Financiere de La Revolution, Cambon 1756-1820 /$cRaul Arnaud
=264  \1$a[Place of publication not identified] :$bPerrin et Cie,$c1926
=300  \\$avolume
=336  \\$atext$btxt$2rdacontent
=337  \\$aunmediated$bn$2rdamedia
=338  \\$avolume$bnc$2rdacarrier
=500  \\$aTitle on spreadsheet: "La Debacle Financiere de La Revolution: Cambon 1756-1820"
=500  \\$aCustom binding.
=590  \\$aHorward Collection$9LOCAL
=700  1\$aArnaud, Raul
=936  1\$aHorward, Donald D.,$edonor$9LOCAL

