=LDR  00644nam a2200193Mi 4500
=008  \\\\\\s1907\\\\xx\\\\\\\\\\\\000\0\\\\\d
=040  \\$aFDA$beng$cFDA
=035  \\$a(FSUSCA)Horward_Row_2_Section_7_1152
=245  00$aLa Defection de la Prusse /$cD'ussel
=264  \1$a[Place of publication not identified] :$bLibrary Plon,$c1907
=300  \\$avolume
=336  \\$atext$btxt$2rdacontent
=337  \\$aunmediated$bn$2rdamedia
=338  \\$avolume$bnc$2rdacarrier
=500  \\$aTitle on spreadsheet: "La Defection de la Prusse"
=500  \\$aCustom binding.
=590  \\$aHorward Collection$9LOCAL
=700  1\$aD'ussel
=936  1\$aHorward, Donald D.,$edonor$9LOCAL

