=LDR  00650nam a2200193Mi 4500
=008  \\\\\\s1858\\\\xx\\\\\\\\\\\\000\0\\\\\d
=040  \\$aFDA$beng$cFDA
=035  \\$a(FSUSCA)Horward_Row_2_Section_6_947
=245  00$aLa Defectionn de Marmont en 1814 /$cRapetti
=264  \1$a[Place of publication not identified] :$bParis,$c1858
=300  \\$avolume
=336  \\$atext$btxt$2rdacontent
=337  \\$aunmediated$bn$2rdamedia
=338  \\$avolume$bnc$2rdacarrier
=500  \\$aTitle on spreadsheet: "La Defectionn de Marmont en 1814"
=500  \\$aCustom binding.
=590  \\$aHorward Collection$9LOCAL
=700  1\$aRapetti
=936  1\$aHorward, Donald D.,$edonor$9LOCAL

