=LDR  00662nam a2200181Mi 4500
=008  \\\\\\s1889\\\\xx\\\\\\\\\\\\000\0\\\\\d
=040  \\$aFDA$beng$cFDA
=035  \\$a(FSUSCA)Horward_Row_4_Section_7_2505
=245  00$aLa Defense Du var et Le Passage des Alpes /$cCharles Auriol
=264  \1$a[Place of publication not identified] :$bPlon et Nourrit,$c1889
=300  \\$avolume
=336  \\$atext$btxt$2rdacontent
=337  \\$aunmediated$bn$2rdamedia
=338  \\$avolume$bnc$2rdacarrier
=500  \\$aTitle on spreadsheet: "La Defense Du var et Le Passage des Alpes"
=590  \\$aHorward Collection$9LOCAL
=700  1\$aAuriol, Charles
=936  1\$aHorward, Donald D.,$edonor$9LOCAL

