=LDR  00693nam a2200193Mi 4500
=008  \\\\\\s1925\\\\xx\\\\\\\\\\\\000\0\\\\\d
=040  \\$aFDA$beng$cFDA
=035  \\$a(FSUSCA)Horward_Row_2_Section_3_548
=245  00$aLa Fin Tragique du Marechal Ney /$cP. Bouchardon
=264  \1$a[Place of publication not identified] :$bLibrairie Hachette et Cie,$c1925
=300  \\$avolume
=336  \\$atext$btxt$2rdacontent
=337  \\$aunmediated$bn$2rdamedia
=338  \\$avolume$bnc$2rdacarrier
=500  \\$aTitle on spreadsheet: "La Fin Tragique du Marechal Ney"
=500  \\$aMay contain custom binding.
=590  \\$aHorward Collection$9LOCAL
=700  1\$aBouchardon, P.
=936  1\$aHorward, Donald D.,$edonor$9LOCAL

