=LDR  00694nam a2200193Mi 4500
=008  \\\\\\s1946\\\\xx\\\\\\\\\\\\000\0\\\\\d
=040  \\$aFDA$beng$cFDA
=035  \\$a(FSUSCA)Horward_Row_2_Section_6_985
=245  00$aLa France Apres La Terreur, 1795-1799 /$cP. Bessand-Massenet
=264  \1$a[Place of publication not identified] :$bLIbrairie Plon,$c1946
=300  \\$avolume
=336  \\$atext$btxt$2rdacontent
=337  \\$aunmediated$bn$2rdamedia
=338  \\$avolume$bnc$2rdacarrier
=500  \\$aTitle on spreadsheet: "La France Apres La Terreur: 1795-1799"
=500  \\$aCustom binding.
=590  \\$aHorward Collection$9LOCAL
=700  1\$aBessand-Massenet, P.
=936  1\$aHorward, Donald D.,$edonor$9LOCAL

