=LDR  00736nam a2200193Mi 4500
=008  \\\\\\s1961\\\\xx\\\\\\\\\\\\000\0\\\\\d
=040  \\$aFDA$beng$cFDA
=035  \\$a(FSUSCA)Horward_Row_2_Section_3_408
=245  00$aLa France Les Etats-Unis et la guerre de course (1797-1815) /$cUlane Bonnel
=264  \1$a[Place of publication not identified] :$bNouvelles Editions Latines,$c1961
=300  \\$avolume
=336  \\$atext$btxt$2rdacontent
=337  \\$aunmediated$bn$2rdamedia
=338  \\$avolume$bnc$2rdacarrier
=500  \\$aTitle on spreadsheet: "La France Les Etats-Unis et la guerre de course (1797-1815)"
=500  \\$aCustom binding.
=590  \\$aHorward Collection$9LOCAL
=700  1\$aBonnel, Ulane
=936  1\$aHorward, Donald D.,$edonor$9LOCAL

