=LDR  00630nam a2200181Mi 4500
=008  \\\\\\s1907\\\\xx\\\\\\\\\\\\000\0\\\\\d
=040  \\$aFDA$beng$cFDA
=035  \\$a(FSUSCA)Horward_Row_2_Section_9_1622
=245  00$aLa Garde D'honneur /$cF. Pierre Clement
=264  \1$a[Place of publication not identified] :$bImprimerie Blais et Roy,$c1907
=300  \\$avolume
=336  \\$atext$btxt$2rdacontent
=337  \\$aunmediated$bn$2rdamedia
=338  \\$avolume$bnc$2rdacarrier
=500  \\$aTitle on spreadsheet: "La Garde D'honneur"
=590  \\$aHorward Collection$9LOCAL
=700  1\$aClement, F. Pierre
=936  1\$aHorward, Donald D.,$edonor$9LOCAL

