=LDR  00702nam a2200193Mi 4500
=008  \\\\\\s1898\\\\xx\\\\\\\\\\\\000\0\\\\\d
=040  \\$aFDA$beng$cFDA
=035  \\$a(FSUSCA)Horward_Row_4_Section_8_2575
=245  00$aLa Gendarmerie Franchaise in Spain and Portugal /$cEmm Martin
=264  \1$a[Place of publication not identified] :$bImprimerie Librarie,$c1898
=300  \\$avolume
=336  \\$atext$btxt$2rdacontent
=337  \\$aunmediated$bn$2rdamedia
=338  \\$avolume$bnc$2rdacarrier
=500  \\$aTitle on spreadsheet: "La Gendarmerie Franchaise in Spain and Portugal"
=500  \\$aCustom binding.
=590  \\$aHorward Collection$9LOCAL
=700  1\$aMartin, Emm
=936  1\$aHorward, Donald D.,$edonor$9LOCAL

