=LDR  00665nam a2200181Mi 4500
=008  \\\\\\s1973\\\\xx\\\\\\\\\\\\000\0\\\\\d
=040  \\$aFDA$beng$cFDA
=035  \\$a(FSUSCA)Horward_Row_2_Section_10_1788
=245  00$aLa Guerre d'Independence Espangnole (1808-1814) /$cJ-R. Aymes
=264  \1$a[Place of publication not identified] :$bBordas Etudes,$c1973
=300  \\$avolume
=336  \\$atext$btxt$2rdacontent
=337  \\$aunmediated$bn$2rdamedia
=338  \\$avolume$bnc$2rdacarrier
=500  \\$aTitle on spreadsheet: "La Guerre d'Independence Espangnole (1808-1814)"
=590  \\$aHorward Collection$9LOCAL
=700  1\$aAymes, J-R.
=936  1\$aHorward, Donald D.,$edonor$9LOCAL

