=LDR  00662nam a2200193Mi 4500
=008  \\\\\\s1965\\\\xx\\\\\\\\\\\\000\0\\\\\d
=040  \\$aFDA$beng$cFDA
=035  \\$a(FSUSCA)Horward_Row_2_Section_4_(Right)_681
=245  00$aLa Guerre de Espagne /$cBaron Jean Thiry
=264  \1$a[Place of publication not identified] :$bBerger-Levrault,$c1965
=300  \\$avolume
=336  \\$atext$btxt$2rdacontent
=337  \\$aunmediated$bn$2rdamedia
=338  \\$avolume$bnc$2rdacarrier
=500  \\$aTitle on spreadsheet: "La Guerre de Espagne"
=500  \\$aCustom binding.
=590  \\$aHorward Collection$9LOCAL
=700  1\$aBaron Jean Thiry
=936  1\$aHorward, Donald D.,$edonor$9LOCAL

