=LDR  00682nam a2200193Mi 4500
=008  \\\\\\s1910\\\\xx\\\\\\\\\\\\000\0\\\\\d
=040  \\$aFDA$beng$cFDA
=035  \\$a(FSUSCA)Horward_Row_2_Section_5_784
=245  00$aLa Guerre Napoleonienne Les Batailles /$cCamon
=264  \1$a[Place of publication not identified] :$bLibrairie Militaire R. Chapelot,$c1910
=300  \\$avolume
=336  \\$atext$btxt$2rdacontent
=337  \\$aunmediated$bn$2rdamedia
=338  \\$avolume$bnc$2rdacarrier
=500  \\$aTitle on spreadsheet: "La Guerre Napoleonienne Les Batailles"
=500  \\$aCustom binding.
=590  \\$aHorward Collection$9LOCAL
=700  1\$aCamon
=936  1\$aHorward, Donald D.,$edonor$9LOCAL

