=LDR  00690nam a2200193Mi 4500
=008  \\\\\\s1925\\\\xx\\\\\\\\\\\\000\0\\\\\d
=040  \\$aFDA$beng$cFDA
=035  \\$a(FSUSCA)Horward_Row_2_Section_5_785
=245  00$aLa Guerre Napoleonienne Precis Des Campagnes$nVolume 1 /$cCamon
=264  \1$a[Place of publication not identified] :$bBerger-Levrault,$c1925
=300  \\$avolume
=336  \\$atext$btxt$2rdacontent
=337  \\$aunmediated$bn$2rdamedia
=338  \\$avolume$bnc$2rdacarrier
=500  \\$aTitle on spreadsheet: "La Guerre Napoleonienne Precis Des Campagnes"
=500  \\$aCustom binding.
=590  \\$aHorward Collection$9LOCAL
=700  1\$aCamon
=936  1\$aHorward, Donald D.,$edonor$9LOCAL

