=LDR  00647nam a2200193Mi 4500
=008  \\\\\\s1897\\\\xx\\\\\\\\\\\\000\0\\\\\d
=040  \\$aFDA$beng$cFDA
=035  \\$a(FSUSCA)Horward_Row_4_Section_8_2577
=245  00$aLa Jeunesse de Napoleon /$cChuquet
=264  \1$a[Place of publication not identified] :$bArmand Colin et Cie,$c1897
=300  \\$avolume
=336  \\$atext$btxt$2rdacontent
=337  \\$aunmediated$bn$2rdamedia
=338  \\$avolume$bnc$2rdacarrier
=500  \\$aTitle on spreadsheet: "La Jeunesse de Napoleon"
=500  \\$aCustom binding.
=590  \\$aHorward Collection$9LOCAL
=700  1\$aChuquet
=936  1\$aHorward, Donald D.,$edonor$9LOCAL

