=LDR  00674nam a2200193Mi 4500
=008  \\\\\\s1919\\\\xx\\\\\\\\\\\\000\0\\\\\d
=040  \\$aFDA$beng$cFDA
=035  \\$a(FSUSCA)Horward_Row_2_Section_7_1156
=245  00$aLa Lombardie au Temps de Bonaparte /$cJehan D'Ivray
=264  \1$a[Place of publication not identified] :$bGeorge Cres,$c1919
=300  \\$avolume
=336  \\$atext$btxt$2rdacontent
=337  \\$aunmediated$bn$2rdamedia
=338  \\$avolume$bnc$2rdacarrier
=500  \\$aTitle on spreadsheet: "La Lombardie au Temps de Bonaparte"
=500  \\$aCustom binding.
=590  \\$aHorward Collection$9LOCAL
=700  1\$aD'Ivray, Jehan
=936  1\$aHorward, Donald D.,$edonor$9LOCAL

