=LDR  00661nam a2200193Mi 4500
=008  \\\\\\s1933\\\\xx\\\\\\\\\\\\000\0\\\\\d
=040  \\$aFDA$beng$cFDA
=035  \\$a(FSUSCA)Horward_Row_2_Section_6_1019
=245  00$aLa Mere de Napoleon /$cFrancois Duhourcau
=264  \1$a[Place of publication not identified] :$bEditions Excelsior,$c1933
=300  \\$avolume
=336  \\$atext$btxt$2rdacontent
=337  \\$aunmediated$bn$2rdamedia
=338  \\$avolume$bnc$2rdacarrier
=500  \\$aTitle on spreadsheet: "La Mere de Napoleon"
=500  \\$aCustom binding.
=590  \\$aHorward Collection$9LOCAL
=700  1\$aDuhourcau, Francois
=936  1\$aHorward, Donald D.,$edonor$9LOCAL

