=LDR  00657nam a2200193Mi 4500
=008  \\\\\\s1909\\\\xx\\\\\\\\\\\\000\0\\\\\d
=040  \\$aFDA$beng$cFDA
=035  \\$a(FSUSCA)Horward_Row_2_Section_2_223
=245  00$aLa Mort de Pichegru /$cFrederic Barbey
=264  \1$a[Place of publication not identified] :$bLibrairie Academique,$c1909
=300  \\$avolume
=336  \\$atext$btxt$2rdacontent
=337  \\$aunmediated$bn$2rdamedia
=338  \\$avolume$bnc$2rdacarrier
=500  \\$aTitle on spreadsheet: "La Mort de Pichegru "
=500  \\$aCustom binding.
=590  \\$aHorward Collection$9LOCAL
=700  1\$aBarbey, Frederic
=936  1\$aHorward, Donald D.,$edonor$9LOCAL

