=LDR  00633nam a2200181Mi 4500
=008  \\\\\\s1975\\\\xx\\\\\\\\\\\\000\0\\\\\d
=040  \\$aFDA$beng$cFDA
=035  \\$a(FSUSCA)Horward_Row_4_Section_6_2326
=245  00$aLand an March Und Donau /$cOtto Schilder
=264  \1$a[Place of publication not identified] :$bFerdinand Berger and Co.,$c1975
=300  \\$avolume
=336  \\$atext$btxt$2rdacontent
=337  \\$aunmediated$bn$2rdamedia
=338  \\$avolume$bnc$2rdacarrier
=500  \\$aTitle on spreadsheet: "Land an March Und Donau"
=590  \\$aHorward Collection$9LOCAL
=700  1\$aSchilder, Otto
=936  1\$aHorward, Donald D.,$edonor$9LOCAL

