=LDR  00758nam a2200193Mi 4500
=008  \\\\\\suuuu\\\\xx\\\\\\\\\\\\000\0\\\\\d
=040  \\$aFDA$beng$cFDA
=035  \\$a(FSUSCA)Horward_Row_2_Section_3_395
=245  00$aLa Passage de la Berezina et la Retraite de la grande Armee /$cMaison Saint-Joseph
=264  \1$a[Place of publication not identified] :$bN/A,$c[date of publication not identified]
=300  \\$avolume
=336  \\$atext$btxt$2rdacontent
=337  \\$aunmediated$bn$2rdamedia
=338  \\$avolume$bnc$2rdacarrier
=500  \\$aTitle on spreadsheet: "La Passage de la Berezina et la Retraite de la grande Armee"
=500  \\$aCustom binding.
=590  \\$aHorward Collection$9LOCAL
=710  2\$aMaison Saint-Joseph
=936  1\$aHorward, Donald D.,$edonor$9LOCAL

