=LDR  00659nam a2200181Mi 4500
=008  \\\\\\s1901\\\\xx\\\\\\\\\\\\000\0\\\\\d
=040  \\$aFDA$beng$cFDA
=035  \\$a(FSUSCA)Horward_Row_2_Section_3_504
=245  00$aLa Premiere Campagne D'Italie (1795-1798) /$cEdouard Gachot
=264  \1$a[Place of publication not identified] :$bPerrin et Cie,$c1901
=300  \\$avolume
=336  \\$atext$btxt$2rdacontent
=337  \\$aunmediated$bn$2rdamedia
=338  \\$avolume$bnc$2rdacarrier
=500  \\$aTitle on spreadsheet: "La Premiere Campagne D'Italie (1795-1798)"
=590  \\$aHorward Collection$9LOCAL
=700  1\$aGachot, Edouard
=936  1\$aHorward, Donald D.,$edonor$9LOCAL

