=LDR  00669nam a2200193Mi 4500
=008  \\\\\\s1925\\\\xx\\\\\\\\\\\\000\0\\\\\d
=040  \\$aFDA$beng$cFDA
=035  \\$a(FSUSCA)Horward_Row_2_Section_4_(Right)_705
=245  00$aLa Reine d'Etrurie /$cPrince Sixte de Bourbon
=264  \1$a[Place of publication not identified] :$bCalmann-Levy,$c1925
=300  \\$avolume
=336  \\$atext$btxt$2rdacontent
=337  \\$aunmediated$bn$2rdamedia
=338  \\$avolume$bnc$2rdacarrier
=500  \\$aTitle on spreadsheet: "La Reine d'Etrurie"
=500  \\$aCustom binding.
=590  \\$aHorward Collection$9LOCAL
=700  1\$aPrince Sixte de Bourbon
=936  1\$aHorward, Donald D.,$edonor$9LOCAL

