=LDR  00631nam a2200193Mi 4500
=008  \\\\\\s1927\\\\xx\\\\\\\\\\\\000\0\\\\\d
=040  \\$aFDA$beng$cFDA
=035  \\$a(FSUSCA)Horward_Row_2_Section_6_944
=245  00$aLa Reine Hortense /$cTurquan
=264  \1$a[Place of publication not identified] :$bJules Tallandier,$c1927
=300  \\$avolume
=336  \\$atext$btxt$2rdacontent
=337  \\$aunmediated$bn$2rdamedia
=338  \\$avolume$bnc$2rdacarrier
=500  \\$aTitle on spreadsheet: "La Reine Hortense"
=500  \\$aCustom binding.
=590  \\$aHorward Collection$9LOCAL
=700  1\$aTurquan
=936  1\$aHorward, Donald D.,$edonor$9LOCAL

