=LDR  00690nam a2200205Mi 4500
=008  \\\\\\s1907\\\\xx\\\\\\\\\\\\000\0\\\\\d
=040  \\$aFDA$beng$cFDA
=035  \\$a(FSUSCA)Horward_Row_2_Section_4_(Right)_686
=245  00$aLa Religion /$cL. De Lanzac de Laborie
=250  \\$aSecond
=264  \1$a[Place of publication not identified] :$bE. Plon, Nourrit et Cie,$c1907
=300  \\$avolume
=336  \\$atext$btxt$2rdacontent
=337  \\$aunmediated$bn$2rdamedia
=338  \\$avolume$bnc$2rdacarrier
=500  \\$aTitle on spreadsheet: "La Religion"
=500  \\$aCustom binding.
=590  \\$aHorward Collection$9LOCAL
=700  1\$aDe Lanzac de Laborie, L.
=936  1\$aHorward, Donald D.,$edonor$9LOCAL

