=LDR  00683nam a2200193Mi 4500
=008  \\\\\\s1971\\\\xx\\\\\\\\\\\\000\0\\\\\d
=040  \\$aFDA$beng$cFDA
=035  \\$a(FSUSCA)Horward_Row_2_Section_2_243
=245  00$aLa Revolution Batave 1783-1798 /$cPieter Geyl
=264  \1$a[Place of publication not identified] :$bSociete des Etudes Robespieristes,$c1971
=300  \\$avolume
=336  \\$atext$btxt$2rdacontent
=337  \\$aunmediated$bn$2rdamedia
=338  \\$avolume$bnc$2rdacarrier
=500  \\$aTitle on spreadsheet: "La Revolution Batave 1783-1798"
=500  \\$aCustom binding.
=590  \\$aHorward Collection$9LOCAL
=700  1\$aGeyl, Pieter
=936  1\$aHorward, Donald D.,$edonor$9LOCAL

