=LDR  00672nam a2200193Mi 4500
=008  \\\\\\s1941\\\\xx\\\\\\\\\\\\000\0\\\\\d
=040  \\$aFDA$beng$cFDA
=035  \\$a(FSUSCA)Horward_Row_2_Section_2_246
=245  00$aLa Revolution et La Vendee /$cEmile Gabory
=264  \1$a[Place of publication not identified] :$bLibrairie Academique Perrin,$c1941
=300  \\$avolume
=336  \\$atext$btxt$2rdacontent
=337  \\$aunmediated$bn$2rdamedia
=338  \\$avolume$bnc$2rdacarrier
=500  \\$aTitle on spreadsheet: "La Revolution et La Vendee "
=500  \\$aCustom binding.
=590  \\$aHorward Collection$9LOCAL
=700  1\$aGabory, Emile
=936  1\$aHorward, Donald D.,$edonor$9LOCAL

