=LDR  00719nam a2200193Mi 4500
=008  \\\\\\s1925\\\\xx\\\\\\\\\\\\000\0\\\\\d
=040  \\$aFDA$beng$cFDA
=035  \\$a(FSUSCA)Horward_Row_2_Section_2_249
=245  00$aLa Revolution et le Psychologie des Revolution /$cDr. Gustave le Bon
=264  \1$a[Place of publication not identified] :$bErnest Flammarion, Editeur,$c1925
=300  \\$avolume
=336  \\$atext$btxt$2rdacontent
=337  \\$aunmediated$bn$2rdamedia
=338  \\$avolume$bnc$2rdacarrier
=500  \\$aTitle on spreadsheet: "La Revolution et le Psychologie des Revolution "
=500  \\$aCustom binding.
=590  \\$aHorward Collection$9LOCAL
=700  1\$ale Bon, Gustave
=936  1\$aHorward, Donald D.,$edonor$9LOCAL

