=LDR  00698nam a2200217Mi 4500
=008  \\\\\\s1975\\\\xx\\\\\\\\\\\\000\0\\\\\d
=040  \\$aFDA$beng$cFDA
=035  \\$a(FSUSCA)Horward_Row_2_Section_9_1596
=245  00$aLa Revolution Fracaise /$cGaxotte and Tulard
=250  \\$aUniversity edition
=264  \1$a[Place of publication not identified] :$bFayard,$c1975
=300  \\$avolume
=336  \\$atext$btxt$2rdacontent
=337  \\$aunmediated$bn$2rdamedia
=338  \\$avolume$bnc$2rdacarrier
=500  \\$aTitle on spreadsheet: "La Revolution Fracaise"
=500  \\$aAutographed.
=590  \\$aHorward Collection$9LOCAL
=700  1\$aGaxotte
=700  1\$aTulard
=936  1\$aHorward, Donald D.,$edonor$9LOCAL

