=LDR  00734nam a2200193Mi 4500
=008  \\\\\\s1988\\\\xx\\\\\\\\\\\\000\0\\\\\d
=040  \\$aFDA$beng$cFDA
=035  \\$a(FSUSCA)Horward_Row_4_Section_7_2347
=245  00$aLa Revolution Francaise a Travers Les Archives /$cArchives de France
=264  \1$a[Place of publication not identified] :$bArchives Nationales-La Documentation Francaise,$c1988
=300  \\$avolume
=336  \\$atext$btxt$2rdacontent
=337  \\$aunmediated$bn$2rdamedia
=338  \\$avolume$bnc$2rdacarrier
=500  \\$aTitle on spreadsheet: "La Revolution Francaise a Travers Les Archives"
=500  \\$aSigned.
=590  \\$aHorward Collection$9LOCAL
=710  2\$aArchives de France
=936  1\$aHorward, Donald D.,$edonor$9LOCAL

