=LDR  00718nam a2200193Mi 4500
=008  \\\\\\s1968\\\\xx\\\\\\\\\\\\000\0\\\\\d
=040  \\$aFDA$beng$cFDA
=035  \\$a(FSUSCA)Horward_Row_2_Section_2_233
=245  00$aLa Revolution Francaise et Education Technique /$cAntoine Leon
=264  \1$a[Place of publication not identified] :$bSociete des Etudes Robespieristes,$c1968
=300  \\$avolume
=336  \\$atext$btxt$2rdacontent
=337  \\$aunmediated$bn$2rdamedia
=338  \\$avolume$bnc$2rdacarrier
=500  \\$aTitle on spreadsheet: "La Revolution Francaise et Education Technique "
=500  \\$aCustom binding.
=590  \\$aHorward Collection$9LOCAL
=700  1\$aLeon, Antoine
=936  1\$aHorward, Donald D.,$edonor$9LOCAL

