=LDR  00673nam a2200193Mi 4500
=008  \\\\\\s1948\\\\xx\\\\\\\\\\\\000\0\\\\\d
=040  \\$aFDA$beng$cFDA
=035  \\$a(FSUSCA)Horward_Row_4_Section_8_2611
=245  00$aLa Revolution Francais vue par ses Journaux /$cWalter
=264  \1$a[Place of publication not identified] :$bTardy,$c1948
=300  \\$avolume
=336  \\$atext$btxt$2rdacontent
=337  \\$aunmediated$bn$2rdamedia
=338  \\$avolume$bnc$2rdacarrier
=500  \\$aTitle on spreadsheet: "La Revolution Francais vue par ses Journaux  "
=500  \\$aCustom binding.
=590  \\$aHorward Collection$9LOCAL
=700  1\$aWalter
=936  1\$aHorward, Donald D.,$edonor$9LOCAL

