=LDR  00843nam a2200205Mi 4500
=008  \\\\\\s1836\\\\xx\\\\\\\\\\\\000\0\\\\\d
=040  \\$aFDA$beng$cFDA
=035  \\$a(FSUSCA)Horward_Row_2_Section_4_(Right)_661
=245  00$aLa Specateur Militaire, Recueil de Science, D'Art et D'Histoirie Militaires$nVol. XXI /$cChez M. Noirot and Chez Anselin
=264  \1$a[Place of publication not identified] :$bBourgogne and Martinet,$c1836
=300  \\$avolume
=336  \\$atext$btxt$2rdacontent
=337  \\$aunmediated$bn$2rdamedia
=338  \\$avolume$bnc$2rdacarrier
=500  \\$aTitle on spreadsheet: "La Specateur Militaire: Recueil de Science, D'Art et D'Histoirie Militaires, Vol. XXI"
=500  \\$aCustom binding.
=590  \\$aHorward Collection$9LOCAL
=700  1\$aNoirot, Chez M.
=700  1\$aAnselin, Chez
=936  1\$aHorward, Donald D.,$edonor$9LOCAL

