=LDR  00712nam a2200193Mi 4500
=008  \\\\\\s1971\\\\xx\\\\\\\\\\\\000\0\\\\\d
=040  \\$aFDA$beng$cFDA
=035  \\$a(FSUSCA)Horward_Row_2_Section_7_1216
=245  00$aLast Days of Marie Antoinette and Louis XVI /$cRupert Furneaux
=250  \\$aFirst American Edition
=264  \1$a[Place of publication not identified] :$bJohn Day Company,$c1971
=300  \\$avolume
=336  \\$atext$btxt$2rdacontent
=337  \\$aunmediated$bn$2rdamedia
=338  \\$avolume$bnc$2rdacarrier
=500  \\$aTitle on spreadsheet: "The Last Days of Marie Antoinette and Louis XVI"
=590  \\$aHorward Collection$9LOCAL
=700  1\$aFurneaux, Rupert
=936  1\$aHorward, Donald D.,$edonor$9LOCAL

