=LDR  00701nam a2200193Mi 4500
=008  \\\\\\s1885\\\\xx\\\\\\\\\\\\000\0\\\\\d
=040  \\$aFDA$beng$cFDA
=035  \\$a(FSUSCA)Horward_Row_4_Section_7_2415
=245  00$aLast Days of the Consulate /$cM. L. Lalanne
=264  \1$a[Place of publication not identified] :$bSampson Low, Marston, Searle and Rivington,$c1885
=300  \\$avolume
=336  \\$atext$btxt$2rdacontent
=337  \\$aunmediated$bn$2rdamedia
=338  \\$avolume$bnc$2rdacarrier
=500  \\$aTitle on spreadsheet: "The Last Days of the Consulate"
=500  \\$aWrapped in paper cover.
=590  \\$aHorward Collection$9LOCAL
=700  1\$aLalanne, M. L.
=936  1\$aHorward, Donald D.,$edonor$9LOCAL

