=LDR  00663nam a2200193Mi 4500
=008  \\\\\\s1950\\\\xx\\\\\\\\\\\\000\0\\\\\d
=040  \\$aFDA$beng$cFDA
=035  \\$a(FSUSCA)Horward_Row_2_Section_10_1749
=245  00$aLast Invasion of Britain /$cStuart Jones
=264  \1$a[Place of publication not identified] :$bUniversity of Wales Press,$c1950
=300  \\$avolume
=336  \\$atext$btxt$2rdacontent
=337  \\$aunmediated$bn$2rdamedia
=338  \\$avolume$bnc$2rdacarrier
=500  \\$aTitle on spreadsheet: "The Last Invasion of Britain"
=500  \\$aSigned.
=590  \\$aHorward Collection$9LOCAL
=700  1\$aJones, Stuart
=936  1\$aHorward, Donald D.,$edonor$9LOCAL

