=LDR  00615nam a2200181Mi 4500
=008  \\\\\\s1934\\\\xx\\\\\\\\\\\\000\0\\\\\d
=040  \\$aFDA$beng$cFDA
=035  \\$a(FSUSCA)Horward_Row_2_Section_7_1234
=245  00$aLast Post /$cJohn W. Fortescue
=264  \1$a[Place of publication not identified] :$bBlackwood and Sons Ltd,$c1934
=300  \\$avolume
=336  \\$atext$btxt$2rdacontent
=337  \\$aunmediated$bn$2rdamedia
=338  \\$avolume$bnc$2rdacarrier
=500  \\$aTitle on spreadsheet: "The Last Post"
=590  \\$aHorward Collection$9LOCAL
=700  1\$aFortescue, John W.
=936  1\$aHorward, Donald D.,$edonor$9LOCAL

