=LDR  00662nam a2200193Mi 4500
=008  \\\\\\s1967\\\\xx\\\\\\\\\\\\000\0\\\\\d
=040  \\$aFDA$beng$cFDA
=035  \\$a(FSUSCA)Horward_Row_2_Section_2_231
=245  00$aLa Survie de Louis XVII /$cR.Reicher Sgradi
=264  \1$a[Place of publication not identified] :$bJerome Martineau,$c1967
=300  \\$avolume
=336  \\$atext$btxt$2rdacontent
=337  \\$aunmediated$bn$2rdamedia
=338  \\$avolume$bnc$2rdacarrier
=500  \\$aTitle on spreadsheet: "La Survie de Louis XVII"
=500  \\$aCustom binding.
=590  \\$aHorward Collection$9LOCAL
=700  1\$aSgradi, R.Reicher
=936  1\$aHorward, Donald D.,$edonor$9LOCAL

