=LDR  00674nam a2200193Mi 4500
=008  \\\\\\s1955\\\\xx\\\\\\\\\\\\000\0\\\\\d
=040  \\$aFDA$beng$cFDA
=035  \\$a(FSUSCA)Horward_Row_4_Section_8_2629
=245  00$aLa Verite sur L'Affaire Du Collier /$cHastier
=264  \1$a[Place of publication not identified] :$bLibrairie Artheme Fayard,$c1955
=300  \\$avolume
=336  \\$atext$btxt$2rdacontent
=337  \\$aunmediated$bn$2rdamedia
=338  \\$avolume$bnc$2rdacarrier
=500  \\$aTitle on spreadsheet: "La Verite sur L'Affaire Du Collier"
=500  \\$aCustom binding.
=590  \\$aHorward Collection$9LOCAL
=700  1\$aHastier
=936  1\$aHorward, Donald D.,$edonor$9LOCAL

