=LDR  00646nam a2200193Mi 4500
=008  \\\\\\s1894\\\\xx\\\\\\\\\\\\000\0\\\\\d
=040  \\$aFDA$beng$cFDA
=035  \\$a(FSUSCA)Horward_Row_2_Section_3_496
=245  00$aLa Vie Contemporaine$nVol. I /$cNapoleon
=264  \1$a[Place of publication not identified] :$bBureaux,$c1894
=300  \\$avolume
=336  \\$atext$btxt$2rdacontent
=337  \\$aunmediated$bn$2rdamedia
=338  \\$avolume$bnc$2rdacarrier
=500  \\$aTitle on spreadsheet: "La Vie Contemporaine, Vol. I"
=500  \\$aCustom binding.
=590  \\$aHorward Collection$9LOCAL
=700  1\$aNapoleon
=936  1\$aHorward, Donald D.,$edonor$9LOCAL

