=LDR  00692nam a2200193Mi 4500
=008  \\\\\\s1926\\\\xx\\\\\\\\\\\\000\0\\\\\d
=040  \\$aFDA$beng$cFDA
=035  \\$a(FSUSCA)Horward_Row_4_Section_6_2291
=245  00$aLa Vraie Figure de Bonaparte en Corse /$cLorenzi de Bradi
=264  \1$a[Place of publication not identified] :$bErnest Flammarion,$c1926
=300  \\$avolume
=336  \\$atext$btxt$2rdacontent
=337  \\$aunmediated$bn$2rdamedia
=338  \\$avolume$bnc$2rdacarrier
=500  \\$aTitle on spreadsheet: "La Vraie Figure de Bonaparte en Corse"
=500  \\$aCustom binding.
=590  \\$aHorward Collection$9LOCAL
=700  1\$ade Bradi, Lorenzi
=936  1\$aHorward, Donald D.,$edonor$9LOCAL

