=LDR  00725nam a2200205Mi 4500
=008  \\\\\\suuuu\\\\xx\\\\\\\\\\\\000\0\\\\\d
=040  \\$aFDA$beng$cFDA
=035  \\$a(FSUSCA)Horward_Row_2_Section_3_440
=245  00$aLa Vraie Route Napoleon /$cAntoine Chollier
=264  \1$a[Place of publication not identified] :$bEditions Alpina,$c[date of publication not identified]
=300  \\$avolume
=336  \\$atext$btxt$2rdacontent
=337  \\$aunmediated$bn$2rdamedia
=338  \\$avolume$bnc$2rdacarrier
=500  \\$aTitle on spreadsheet: "La Vraie Route Napoleon"
=500  \\$aCustom binding.
=500  \\$aNote on page 7.
=590  \\$aHorward Collection$9LOCAL
=700  1\$aChollier, Antoine
=936  1\$aHorward, Donald D.,$edonor$9LOCAL

