=LDR  00669nam a2200205Mi 4500
=008  \\\\\\s1927\\\\xx\\\\\\\\\\\\000\0\\\\\d
=040  \\$aFDA$beng$cFDA
=035  \\$a(FSUSCA)Horward_Row_2_Section_5_853
=245  00$aLazare Hoche /$cGeorges Girard
=250  \\$a10th edition
=264  \1$a[Place of publication not identified] :$bLibrairie Gallimard,$c1927
=300  \\$avolume
=336  \\$atext$btxt$2rdacontent
=337  \\$aunmediated$bn$2rdamedia
=338  \\$avolume$bnc$2rdacarrier
=500  \\$aTitle on spreadsheet: "Lazare Hoche "
=500  \\$aCustom binding.
=590  \\$aHorward Collection$9LOCAL
=700  1\$aGirard, Georges
=936  1\$aHorward, Donald D.,$edonor$9LOCAL

