=LDR  00647nam a2200181Mi 4500
=008  \\\\\\s1966\\\\xx\\\\\\\\\\\\000\0\\\\\d
=040  \\$aFDA$beng$cFDA
=035  \\$a(FSUSCA)Horward_Row_4_Section_7_2389
=245  00$aLe Baron Larrey Chirurgien de Napoleon /$cAndre Soubiran
=264  \1$a[Place of publication not identified] :$bFayard,$c1966
=300  \\$avolume
=336  \\$atext$btxt$2rdacontent
=337  \\$aunmediated$bn$2rdamedia
=338  \\$avolume$bnc$2rdacarrier
=500  \\$aTitle on spreadsheet: "Le Baron Larrey Chirurgien de Napoleon"
=590  \\$aHorward Collection$9LOCAL
=700  1\$aSoubiran, Andre
=936  1\$aHorward, Donald D.,$edonor$9LOCAL

