=LDR  00686nam a2200193Mi 4500
=008  \\\\\\s1814\\\\xx\\\\\\\\\\\\000\0\\\\\d
=040  \\$aFDA$beng$cFDA
=035  \\$a(FSUSCA)Horward_Row_4_Section_8_2633
=245  00$aLe Blocus de Besancon par les Autrichiens /$cBorroy
=264  \1$a[Place of publication not identified] :$bHenri Charles-Lavauzelle,$c1814
=300  \\$avolume
=336  \\$atext$btxt$2rdacontent
=337  \\$aunmediated$bn$2rdamedia
=338  \\$avolume$bnc$2rdacarrier
=500  \\$aTitle on spreadsheet: "Le Blocus de Besancon par les Autrichiens"
=500  \\$aCustom binding.
=590  \\$aHorward Collection$9LOCAL
=700  1\$aBorroy
=936  1\$aHorward, Donald D.,$edonor$9LOCAL

