=LDR  00610nam a2200181Mi 4500
=008  \\\\\\s1886\\\\xx\\\\\\\\\\\\000\0\\\\\d
=040  \\$aFDA$beng$cFDA
=035  \\$a(FSUSCA)Horward_Row_2_Section_2_196
=245  00$aLe Campagne de 1813 /$cG. Bertin
=264  \1$a[Place of publication not identified] :$bErnest Flammarion,$c1886
=300  \\$avolume
=336  \\$atext$btxt$2rdacontent
=337  \\$aunmediated$bn$2rdamedia
=338  \\$avolume$bnc$2rdacarrier
=500  \\$aTitle on spreadsheet: "Le Campagne de 1813 "
=590  \\$aHorward Collection$9LOCAL
=700  1\$aBertin, G.
=936  1\$aHorward, Donald D.,$edonor$9LOCAL

