=LDR  00644nam a2200193Mi 4500
=008  \\\\\\s1948\\\\xx\\\\\\\\\\\\000\0\\\\\d
=040  \\$aFDA$beng$cFDA
=035  \\$a(FSUSCA)Horward_Row_4_Section_8_2608
=245  00$aLe Club des Jacobins /$cCastelnau
=264  \1$a[Place of publication not identified] :$bLibrairie Hachette,$c1948
=300  \\$avolume
=336  \\$atext$btxt$2rdacontent
=337  \\$aunmediated$bn$2rdamedia
=338  \\$avolume$bnc$2rdacarrier
=500  \\$aTitle on spreadsheet: "Le Club des Jacobins"
=500  \\$aCustom binding.
=590  \\$aHorward Collection$9LOCAL
=700  1\$aCastelnau
=936  1\$aHorward, Donald D.,$edonor$9LOCAL

