=LDR  00678nam a2200193Mi 4500
=008  \\\\\\s1960\\\\xx\\\\\\\\\\\\000\0\\\\\d
=040  \\$aFDA$beng$cFDA
=035  \\$a(FSUSCA)Horward_Row_2_Section_3_394
=245  00$aLe Culte de Napoleon (1815-1848) /$cJ. Lucas-Dubreton
=264  \1$a[Place of publication not identified] :$bAlbin Michel,$c1960
=300  \\$avolume
=336  \\$atext$btxt$2rdacontent
=337  \\$aunmediated$bn$2rdamedia
=338  \\$avolume$bnc$2rdacarrier
=500  \\$aTitle on spreadsheet: "Le Culte de Napoleon (1815-1848)"
=500  \\$aCustom binding.
=590  \\$aHorward Collection$9LOCAL
=700  1\$aLucas-Dubreton, J.
=936  1\$aHorward, Donald D.,$edonor$9LOCAL

