=LDR  00616nam a2200181Mi 4500
=008  \\\\\\s1889\\\\xx\\\\\\\\\\\\000\0\\\\\d
=040  \\$aFDA$beng$cFDA
=035  \\$a(FSUSCA)Horward_Row_2_Section_9_1600
=245  00$aLe Divorce de Napoleon /$cWelschinger
=264  \1$a[Place of publication not identified] :$bLibrarie Plon,$c1889
=300  \\$avolume
=336  \\$atext$btxt$2rdacontent
=337  \\$aunmediated$bn$2rdamedia
=338  \\$avolume$bnc$2rdacarrier
=500  \\$aTitle on spreadsheet: "Le Divorce de Napoleon "
=590  \\$aHorward Collection$9LOCAL
=700  1\$aWelschinger
=936  1\$aHorward, Donald D.,$edonor$9LOCAL

