=LDR  00717nam a2200193Mi 4500
=008  \\\\\\s1957\\\\xx\\\\\\\\\\\\000\0\\\\\d
=040  \\$aFDA$beng$cFDA
=035  \\$a(FSUSCA)Horward_Row_4_Section_7_2449
=245  00$aLe Divroce de Napoleon et de L'Imperatrice Josephine /$cLouis Gregoire
=264  \1$a[Place of publication not identified] :$bLetouzey and Ane,$c1957
=300  \\$avolume
=336  \\$atext$btxt$2rdacontent
=337  \\$aunmediated$bn$2rdamedia
=338  \\$avolume$bnc$2rdacarrier
=500  \\$aTitle on spreadsheet: "Le Divroce de Napoleon et de L'Imperatrice Josephine"
=500  \\$aCustom binding.
=590  \\$aHorward Collection$9LOCAL
=700  1\$aGregoire, Louis
=936  1\$aHorward, Donald D.,$edonor$9LOCAL

