=LDR  00689nam a2200181Mi 4500
=008  \\\\\\s1964\\\\xx\\\\\\\\\\\\000\0\\\\\d
=040  \\$aFDA$beng$cFDA
=035  \\$a(FSUSCA)Horward_Row_2_Section_10_1696
=245  00$aLe Drames Inconnus de la Cour de Napoleon, 1805-1806 /$cAndre Gavoty
=264  \1$a[Place of publication not identified] :$bToute L'Histoire Fayard,$c1964
=300  \\$avolume
=336  \\$atext$btxt$2rdacontent
=337  \\$aunmediated$bn$2rdamedia
=338  \\$avolume$bnc$2rdacarrier
=500  \\$aTitle on spreadsheet: "Le Drames Inconnus de la Cour de Napoleon: 1805-1806"
=590  \\$aHorward Collection$9LOCAL
=700  1\$aGavoty, Andre
=936  1\$aHorward, Donald D.,$edonor$9LOCAL

