=LDR  00669nam a2200193Mi 4500
=008  \\\\\\s1888\\\\xx\\\\\\\\\\\\000\0\\\\\d
=040  \\$aFDA$beng$cFDA
=035  \\$a(FSUSCA)Horward_Row_2_Section_8_1368
=245  00$aLe Duc D'Enghien 1772-1804 /$cHenri Welschinger
=264  \1$a[Place of publication not identified] :$bLibrairie Plon,$c1888
=300  \\$avolume
=336  \\$atext$btxt$2rdacontent
=337  \\$aunmediated$bn$2rdamedia
=338  \\$avolume$bnc$2rdacarrier
=500  \\$aTitle on spreadsheet: "Le Duc D'Enghien 1772-1804"
=500  \\$aCustom binding.
=590  \\$aHorward Collection$9LOCAL
=700  1\$aWelschinger, Henri
=936  1\$aHorward, Donald D.,$edonor$9LOCAL

