=LDR  00639nam a2200193Mi 4500
=008  \\\\\\s1884\\\\xx\\\\\\\\\\\\000\0\\\\\d
=040  \\$aFDA$beng$cFDA
=035  \\$a(FSUSCA)Horward_Row_2_Section_6_1063
=245  00$aLe Duke de Wellington /$cL. Galesloot
=264  \1$a[Place of publication not identified] :$bGand,$c1884
=300  \\$avolume
=336  \\$atext$btxt$2rdacontent
=337  \\$aunmediated$bn$2rdamedia
=338  \\$avolume$bnc$2rdacarrier
=500  \\$aTitle on spreadsheet: "Le Duke de Wellington"
=500  \\$aCustom binding.
=590  \\$aHorward Collection$9LOCAL
=700  1\$aGalesloot, L.
=936  1\$aHorward, Donald D.,$edonor$9LOCAL

