=LDR  00666nam a2200193Mi 4500
=008  \\\\\\s1932\\\\xx\\\\\\\\\\\\000\0\\\\\d
=040  \\$aFDA$beng$cFDA
=035  \\$a(FSUSCA)Horward_Row_2_Section_2_343
=245  00$aLe Fils de Napoleon /$cJean de Bourgoing
=264  \1$a[Place of publication not identified] :$b[publisher not identified],$c1932
=300  \\$avolume
=336  \\$atext$btxt$2rdacontent
=337  \\$aunmediated$bn$2rdamedia
=338  \\$avolume$bnc$2rdacarrier
=500  \\$aTitle on spreadsheet: "Le Fils de Napoleon"
=500  \\$aCustom binding.
=590  \\$aHorward Collection$9LOCAL
=700  1\$ade Bourgoing, Jean
=936  1\$aHorward, Donald D.,$edonor$9LOCAL

