=LDR  00706nam a2200193Mi 4500
=008  \\\\\\s1914\\\\xx\\\\\\\\\\\\000\0\\\\\d
=040  \\$aFDA$beng$cFDA
=035  \\$a(FSUSCA)Horward_Row_2_Section_2_276
=245  00$aLegendes et Archives de La Bastille /$cFrantz Funck - Bretano
=264  \1$a[Place of publication not identified] :$bLibrairie Hachette et Cie,$c1914
=300  \\$avolume
=336  \\$atext$btxt$2rdacontent
=337  \\$aunmediated$bn$2rdamedia
=338  \\$avolume$bnc$2rdacarrier
=500  \\$aTitle on spreadsheet: "Legendes et Archives de La Bastille "
=500  \\$aCustom binding.
=590  \\$aHorward Collection$9LOCAL
=700  1\$aFunck-Bretano, Frantz
=936  1\$aHorward, Donald D.,$edonor$9LOCAL

