=LDR  00727nam a2200193Mi 4500
=008  \\\\\\s1948\\\\xx\\\\\\\\\\\\000\0\\\\\d
=040  \\$aFDA$beng$cFDA
=035  \\$a(FSUSCA)Horward_Row_2_Section_4_601
=245  00$aLe general baron Francois-Joseph-Fidele de Gressot /$cMichel Gressot
=264  \1$a[Place of publication not identified] :$bSociete Jurassienne D'Emulation,$c1948
=300  \\$avolume
=336  \\$atext$btxt$2rdacontent
=337  \\$aunmediated$bn$2rdamedia
=338  \\$avolume$bnc$2rdacarrier
=500  \\$aTitle on spreadsheet: "Le general baron Francois-Joseph-Fidele de Gressot"
=500  \\$aCustom binding.
=590  \\$aHorward Collection$9LOCAL
=700  1\$aGressot, Michel
=936  1\$aHorward, Donald D.,$edonor$9LOCAL

