=LDR  00659nam a2200181Mi 4500
=008  \\\\\\s1998\\\\xx\\\\\\\\\\\\000\0\\\\\d
=040  \\$aFDA$beng$cFDA
=035  \\$a(FSUSCA)Horward_Row_2_Section_11_1843
=245  00$aLe general baron Pelet-Clozeau 1777-1858 /$cChristian Audebaud
=264  \1$a[Place of publication not identified] :$bS.P.M,$c1998
=300  \\$avolume
=336  \\$atext$btxt$2rdacontent
=337  \\$aunmediated$bn$2rdamedia
=338  \\$avolume$bnc$2rdacarrier
=500  \\$aTitle on spreadsheet: "Le general baron Pelet-Clozeau 1777-1858"
=590  \\$aHorward Collection$9LOCAL
=700  1\$aAudebaud, Christian
=936  1\$aHorward, Donald D.,$edonor$9LOCAL

