=LDR  00733nam a2200193Mi 4500
=008  \\\\\\s1880\\\\xx\\\\\\\\\\\\000\0\\\\\d
=040  \\$aFDA$beng$cFDA
=035  \\$a(FSUSCA)Horward_Row_2_Section_4_573
=245  00$aLe General Bigarre Aide de Camp De Joseph Bonaparte /$cA. Debidour
=264  \1$a[Place of publication not identified] :$bBerger-Levrault et Cie Libraires-Editeurs,$c1880
=300  \\$avolume
=336  \\$atext$btxt$2rdacontent
=337  \\$aunmediated$bn$2rdamedia
=338  \\$avolume$bnc$2rdacarrier
=500  \\$aTitle on spreadsheet: "Le General Bigarre Aide de Camp De Joseph Bonaparte"
=500  \\$aDetached cover.
=590  \\$aHorward Collection$9LOCAL
=700  1\$aDebidour, A.
=936  1\$aHorward, Donald D.,$edonor$9LOCAL

