=LDR  00697nam a2200193Mi 4500
=008  \\\\\\s1920\\\\xx\\\\\\\\\\\\000\0\\\\\d
=040  \\$aFDA$beng$cFDA
=035  \\$a(FSUSCA)Horward_Row_4_Section_8_2644
=245  00$aLe General Cassan and la Defense de Pampelune /$cGoutel
=264  \1$a[Place of publication not identified] :$bLibrairie Academique Perrin,$c1920
=300  \\$avolume
=336  \\$atext$btxt$2rdacontent
=337  \\$aunmediated$bn$2rdamedia
=338  \\$avolume$bnc$2rdacarrier
=500  \\$aTitle on spreadsheet: "Le General Cassan and la Defense de Pampelune"
=500  \\$aCustom binding.
=590  \\$aHorward Collection$9LOCAL
=700  1\$aGoutel
=936  1\$aHorward, Donald D.,$edonor$9LOCAL

