=LDR  00669nam a2200193Mi 4500
=008  \\\\\\s1912\\\\xx\\\\\\\\\\\\000\0\\\\\d
=040  \\$aFDA$beng$cFDA
=035  \\$a(FSUSCA)Horward_Row_2_Section_10_1708
=245  00$aLe General de Clausewitz /$cP. Roques
=264  \1$a[Place of publication not identified] :$bBerger-Levrault,$c1912
=300  \\$avolume
=336  \\$atext$btxt$2rdacontent
=337  \\$aunmediated$bn$2rdamedia
=338  \\$avolume$bnc$2rdacarrier
=500  \\$aTitle on spreadsheet: "Le General de Clausewitz"
=500  \\$aLoose pictures in front and back.
=590  \\$aHorward Collection$9LOCAL
=700  1\$aRoques, P.
=936  1\$aHorward, Donald D.,$edonor$9LOCAL

