=LDR  00650nam a2200181Mi 4500
=008  \\\\\\s1866\\\\xx\\\\\\\\\\\\000\0\\\\\d
=040  \\$aFDA$beng$cFDA
=035  \\$a(FSUSCA)Horward_Row_2_Section_8_1334
=245  00$aLe General de Grouchy et L'irlande en 1796
=264  \1$a[Place of publication not identified] :$bFrederic Henry,$c1866
=300  \\$avolume
=336  \\$atext$btxt$2rdacontent
=337  \\$aunmediated$bn$2rdamedia
=338  \\$avolume$bnc$2rdacarrier
=500  \\$aTitle on spreadsheet: "Le General de Grouchy et L'irlande en 1796"
=590  \\$aHorward Collection$9LOCAL
=700  1\$aMarquis de Grouchy
=936  1\$aHorward, Donald D.,$edonor$9LOCAL

