=LDR  00684nam a2200181Mi 4500
=008  \\\\\\s1895\\\\xx\\\\\\\\\\\\000\0\\\\\d
=040  \\$aFDA$beng$cFDA
=035  \\$a(FSUSCA)Horward_Row_2_Section_9_1621
=245  00$aLe General Legrand et la Defense de Berg-op-zoom /$cPierre Huguenin
=264  \1$a[Place of publication not identified] :$bImprimerie Darantiere,$c1895
=300  \\$avolume
=336  \\$atext$btxt$2rdacontent
=337  \\$aunmediated$bn$2rdamedia
=338  \\$avolume$bnc$2rdacarrier
=500  \\$aTitle on spreadsheet: "Le General Legrand et la Defense de Berg-op-zoom"
=590  \\$aHorward Collection$9LOCAL
=700  1\$aHuguenin, Pierre
=936  1\$aHorward, Donald D.,$edonor$9LOCAL

