=LDR  00728nam a2200205Mi 4500
=008  \\\\\\s1858\\\\xx\\\\\\\\\\\\000\0\\\\\d
=040  \\$aFDA$beng$cFDA
=035  \\$a(FSUSCA)Horward_Row_2_Section_11_1959
=245  00$aLehrbuch Der Geometrie /$cDr. Franz Mocnik
=264  \1$a[Place of publication not identified] :$bWien,$c1858
=300  \\$avolume
=336  \\$atext$btxt$2rdacontent
=337  \\$aunmediated$bn$2rdamedia
=338  \\$avolume$bnc$2rdacarrier
=500  \\$aTitle on spreadsheet: "Lehrbuch Der Geometrie"
=500  \\$aMay contain custom binding.
=500  \\$aHeavily wrapped in paper, lots of damage to the book.
=590  \\$aHorward Collection$9LOCAL
=700  1\$aMocnik, Franz
=936  1\$aHorward, Donald D.,$edonor$9LOCAL

