=LDR  00633nam a2200181Mi 4500
=008  \\\\\\s1908\\\\xx\\\\\\\\\\\\000\0\\\\\d
=040  \\$aFDA$beng$cFDA
=035  \\$a(FSUSCA)Horward_Row_4_Section_7_2532
=245  00$aLeipzig Campaign 1813 /$cF. N. Maude
=264  \1$a[Place of publication not identified] :$bGeorge Allen and Unwin, Ltd.,$c1908
=300  \\$avolume
=336  \\$atext$btxt$2rdacontent
=337  \\$aunmediated$bn$2rdamedia
=338  \\$avolume$bnc$2rdacarrier
=500  \\$aTitle on spreadsheet: "The Leipzig Campaign 1813"
=590  \\$aHorward Collection$9LOCAL
=700  1\$aMaude, F. N.
=936  1\$aHorward, Donald D.,$edonor$9LOCAL

