=LDR  00733nam a2200193Mi 4500
=008  \\\\\\suuuu\\\\xx\\\\\\\\\\\\000\0\\\\\d
=040  \\$aFDA$beng$cFDA
=035  \\$a(FSUSCA)Horward_Row_4_Section_8_2634
=245  00$aLe Journal de Route d'un Soldat de la Grande Armee /$cPicard
=264  \1$a[Place of publication not identified] :$bL'Amitie par le Livre,$c[date of publication not identified]
=300  \\$avolume
=336  \\$atext$btxt$2rdacontent
=337  \\$aunmediated$bn$2rdamedia
=338  \\$avolume$bnc$2rdacarrier
=500  \\$aTitle on spreadsheet: "Le Journal de Route d'un Soldat de la Grande Armee"
=500  \\$aCustom binding.
=590  \\$aHorward Collection$9LOCAL
=700  1\$aPicard
=936  1\$aHorward, Donald D.,$edonor$9LOCAL

