=LDR  00704nam a2200193Mi 4500
=008  \\\\\\suuuu\\\\xx\\\\\\\\\\\\000\0\\\\\d
=040  \\$aFDA$beng$cFDA
=035  \\$a(FSUSCA)Horward_Row_2_Section_6_951
=245  00$aLe Marechal Bessieres, Duc Distries /$cAndre Rabel
=264  \1$a[Place of publication not identified] :$bCalman, Levy,$c[date of publication not identified]
=300  \\$avolume
=336  \\$atext$btxt$2rdacontent
=337  \\$aunmediated$bn$2rdamedia
=338  \\$avolume$bnc$2rdacarrier
=500  \\$aTitle on spreadsheet: "Le Marechal Bessieres, Duc Distries"
=500  \\$aCustom binding.
=590  \\$aHorward Collection$9LOCAL
=700  1\$aRabel, Andre
=936  1\$aHorward, Donald D.,$edonor$9LOCAL

