=LDR  00612nam a2200181Mi 4500
=008  \\\\\\s1887\\\\xx\\\\\\\\\\\\000\0\\\\\d
=040  \\$aFDA$beng$cFDA
=035  \\$a(FSUSCA)Horward_Row_2_Section_7_1132
=245  00$aLe Marechal Davout /$cD'eckmuhl
=264  \1$a[Place of publication not identified] :$bLibrary Academy Didier,$c1887
=300  \\$avolume
=336  \\$atext$btxt$2rdacontent
=337  \\$aunmediated$bn$2rdamedia
=338  \\$avolume$bnc$2rdacarrier
=500  \\$aTitle on spreadsheet: "Le Marechal Davout"
=590  \\$aHorward Collection$9LOCAL
=700  1\$aD'eckmuhl
=936  1\$aHorward, Donald D.,$edonor$9LOCAL

