=LDR  00764nam a2200205Mi 4500
=008  \\\\\\s1887\\\\xx\\\\\\\\\\\\000\0\\\\\d
=040  \\$aFDA$beng$cFDA
=035  \\$a(FSUSCA)Horward_Row_2_Section_3_378
=245  00$aLe Marechal Davout - 1790-1815 Pologne-Russie Hambourg /$cA. L. Deckmuhl
=264  \1$a[Place of publication not identified] :$bLibrairie Academique Didier,$c1887
=300  \\$avolume
=336  \\$atext$btxt$2rdacontent
=337  \\$aunmediated$bn$2rdamedia
=338  \\$avolume$bnc$2rdacarrier
=500  \\$aTitle on spreadsheet: "Le Marechal Davout -  1790-1815 Pologne-Russie Hambourg"
=500  \\$aCustom binding.
=500  \\$aNote on page 2.
=590  \\$aHorward Collection$9LOCAL
=700  1\$aDeckmuhl, A. L.
=936  1\$aHorward, Donald D.,$edonor$9LOCAL

