=LDR  00679nam a2200193Mi 4500
=008  \\\\\\s1956\\\\xx\\\\\\\\\\\\000\0\\\\\d
=040  \\$aFDA$beng$cFDA
=035  \\$a(FSUSCA)Horward_Row_2_Section_2_229
=245  00$aLe Marechal de Castries 1727-1800 /$cDuc de Castries
=264  \1$a[Place of publication not identified] :$bLibraire Artheme,$c1956
=300  \\$avolume
=336  \\$atext$btxt$2rdacontent
=337  \\$aunmediated$bn$2rdamedia
=338  \\$avolume$bnc$2rdacarrier
=500  \\$aTitle on spreadsheet: "Le Marechal de Castries 1727-1800"
=500  \\$aCustom binding.
=590  \\$aHorward Collection$9LOCAL
=700  1\$aDuc de Castries
=936  1\$aHorward, Donald D.,$edonor$9LOCAL

