=LDR  00745nam a2200193Mi 4500
=008  \\\\\\s1971\\\\xx\\\\\\\\\\\\000\0\\\\\d
=040  \\$aFDA$beng$cFDA
=035  \\$a(FSUSCA)Horward_Row_2_Section_11_1851
=245  00$aLe Marechal Exelmans et la Cavalerie Imperiale /$cRaymond Pecriaux and Dominique Labarre
=264  \1$a[Place of publication not identified] :$b[publisher not identified],$c1971
=300  \\$avolume
=336  \\$atext$btxt$2rdacontent
=337  \\$aunmediated$bn$2rdamedia
=338  \\$avolume$bnc$2rdacarrier
=500  \\$aTitle on spreadsheet: "Le Marechal Exelmans et la Cavalerie Imperiale"
=590  \\$aHorward Collection$9LOCAL
=700  1\$aPecriaux, Raymond
=700  1\$aLabarre, Dominique
=936  1\$aHorward, Donald D.,$edonor$9LOCAL

