=LDR  00681nam a2200193Mi 4500
=008  \\\\\\s1956\\\\xx\\\\\\\\\\\\000\0\\\\\d
=040  \\$aFDA$beng$cFDA
=035  \\$a(FSUSCA)Horward_Row_2_Section_3_463
=245  00$aLe Marechal Jourdan (1762-1833) /$cRene Valentin
=264  \1$a[Place of publication not identified] :$bCharles Lavauzelle et Cie,$c1956
=300  \\$avolume
=336  \\$atext$btxt$2rdacontent
=337  \\$aunmediated$bn$2rdamedia
=338  \\$avolume$bnc$2rdacarrier
=500  \\$aTitle on spreadsheet: "Le Marechal Jourdan (1762-1833)"
=500  \\$aCustom binding.
=590  \\$aHorward Collection$9LOCAL
=700  1\$aValentin, Rene
=936  1\$aHorward, Donald D.,$edonor$9LOCAL

