=LDR  00651nam a2200181Mi 4500
=008  \\\\\\suuuu\\\\xx\\\\\\\\\\\\000\0\\\\\d
=040  \\$aFDA$beng$cFDA
=035  \\$a(FSUSCA)Horward_Row_4_Section_7_2477
=245  00$aLe Marechal Lannes /$cCharles Lannes
=264  \1$a[Place of publication not identified] :$bMaison Alfred Mame,$c[date of publication not identified]
=300  \\$avolume
=336  \\$atext$btxt$2rdacontent
=337  \\$aunmediated$bn$2rdamedia
=338  \\$avolume$bnc$2rdacarrier
=500  \\$aTitle on spreadsheet: "Le Marechal Lannes"
=590  \\$aHorward Collection$9LOCAL
=700  1\$aLannes, Charles
=936  1\$aHorward, Donald D.,$edonor$9LOCAL

