=LDR  00714nam a2200193Mi 4500
=008  \\\\\\s1957\\\\xx\\\\\\\\\\\\000\0\\\\\d
=040  \\$aFDA$beng$cFDA
=035  \\$a(FSUSCA)Horward_Row_2_Section_3_433
=245  00$aLe Marechal Marmont, Duc de Raguse 1774-1852 /$cPierre Saint Marc
=264  \1$a[Place of publication not identified] :$bLibrairie Artheme Fayard,$c1957
=300  \\$avolume
=336  \\$atext$btxt$2rdacontent
=337  \\$aunmediated$bn$2rdamedia
=338  \\$avolume$bnc$2rdacarrier
=500  \\$aTitle on spreadsheet: "Le Marechal Marmont, Duc de Raguse 1774-1852"
=500  \\$aCustom binding.
=590  \\$aHorward Collection$9LOCAL
=700  1\$aSaint Marc, Pierre
=936  1\$aHorward, Donald D.,$edonor$9LOCAL

