=LDR  00678nam a2200193Mi 4500
=008  \\\\\\s1857\\\\xx\\\\\\\\\\\\000\0\\\\\d
=040  \\$aFDA$beng$cFDA
=035  \\$a(FSUSCA)Horward_Row_2_Section_3_384
=245  00$aLe Marechal Marmont Duc de Raguse Devant L'histoire
=250  \\$a2nd
=264  \1$a[Place of publication not identified] :$bE. Dentu,$c1857
=300  \\$avolume
=336  \\$atext$btxt$2rdacontent
=337  \\$aunmediated$bn$2rdamedia
=338  \\$avolume$bnc$2rdacarrier
=500  \\$aTitle on spreadsheet: "Le Marechal Marmont Duc de Raguse Devant L'histoire"
=500  \\$aCustom binding.
=590  \\$aHorward Collection$9LOCAL
=936  1\$aHorward, Donald D.,$edonor$9LOCAL

