=LDR  00694nam a2200181Mi 4500
=008  \\\\\\s1935\\\\xx\\\\\\\\\\\\000\0\\\\\d
=040  \\$aFDA$beng$cFDA
=035  \\$a(FSUSCA)Horward_Row_2_Section_8_1408
=245  00$aLe Marechal Massena et le Retour de L'ile D'elbe /$cPascal Antomarchi
=264  \1$a[Place of publication not identified] :$b[publisher not identified],$c1935
=300  \\$avolume
=336  \\$atext$btxt$2rdacontent
=337  \\$aunmediated$bn$2rdamedia
=338  \\$avolume$bnc$2rdacarrier
=500  \\$aTitle on spreadsheet: "Le Marechal Massena et le Retour de L'ile D'elbe "
=590  \\$aHorward Collection$9LOCAL
=700  1\$aAntomarchi, Pascal
=936  1\$aHorward, Donald D.,$edonor$9LOCAL

