=LDR  00688nam a2200181Mi 4500
=008  \\\\\\s1930\\\\xx\\\\\\\\\\\\000\0\\\\\d
=040  \\$aFDA$beng$cFDA
=035  \\$a(FSUSCA)Horward_Row_4_Section_7_2380
=245  00$aLe Marechal Ney et La Marechal Blucher a Nancy en 1814 /$cGeorges Maugin
=264  \1$a[Place of publication not identified] :$bBerger-Levrault,$c1930
=300  \\$avolume
=336  \\$atext$btxt$2rdacontent
=337  \\$aunmediated$bn$2rdamedia
=338  \\$avolume$bnc$2rdacarrier
=500  \\$aTitle on spreadsheet: "Le Marechal Ney et La Marechal Blucher a Nancy en 1814"
=590  \\$aHorward Collection$9LOCAL
=700  1\$aMaugin, Georges
=936  1\$aHorward, Donald D.,$edonor$9LOCAL

