=LDR  00614nam a2200181Mi 4500
=008  \\\\\\s1958\\\\xx\\\\\\\\\\\\000\0\\\\\d
=040  \\$aFDA$beng$cFDA
=035  \\$a(FSUSCA)Horward_Row_2_Section_4_631
=245  00$aLe Menage Murat /$cJules Bertaut
=264  \1$a[Place of publication not identified] :$bPresence de L'Histoire,$c1958
=300  \\$avolume
=336  \\$atext$btxt$2rdacontent
=337  \\$aunmediated$bn$2rdamedia
=338  \\$avolume$bnc$2rdacarrier
=500  \\$aTitle on spreadsheet: "Le Menage Murat"
=590  \\$aHorward Collection$9LOCAL
=700  1\$aBertaut, Jules
=936  1\$aHorward, Donald D.,$edonor$9LOCAL

