=LDR  00651nam a2200193Mi 4500
=008  \\\\\\s1999\\\\xx\\\\\\\\\\\\000\0\\\\\d
=040  \\$aFDA$beng$cFDA
=035  \\$a(FSUSCA)Horward_Row_2_Section_9_1538
=245  00$aLeonard Bourdon /$cMichael J. Sydenham
=264  \1$a[Place of publication not identified] :$bWLU Press,$c1999
=300  \\$avolume
=336  \\$atext$btxt$2rdacontent
=337  \\$aunmediated$bn$2rdamedia
=338  \\$avolume$bnc$2rdacarrier
=500  \\$aTitle on spreadsheet: "Leonard Bourdon"
=500  \\$aLetters from author.
=590  \\$aHorward Collection$9LOCAL
=700  1\$aSydenham, Michael J.
=936  1\$aHorward, Donald D.,$edonor$9LOCAL

