=LDR  00650nam a2200193Mi 4500
=008  \\\\\\s1955\\\\xx\\\\\\\\\\\\000\0\\\\\d
=040  \\$aFDA$beng$cFDA
=035  \\$a(FSUSCA)Horward_Row_2_Section_6_974
=245  00$aLe Proces Du Marechal Ney /$cRene Floriot
=264  \1$a[Place of publication not identified] :$bHachette,$c1955
=300  \\$avolume
=336  \\$atext$btxt$2rdacontent
=337  \\$aunmediated$bn$2rdamedia
=338  \\$avolume$bnc$2rdacarrier
=500  \\$aTitle on spreadsheet: "Le Proces Du Marechal Ney"
=500  \\$aCustom binding.
=590  \\$aHorward Collection$9LOCAL
=700  1\$aFloriot, Rene
=936  1\$aHorward, Donald D.,$edonor$9LOCAL

