=LDR  00646nam a2200181Mi 4500
=008  \\\\\\s1892\\\\xx\\\\\\\\\\\\000\0\\\\\d
=040  \\$aFDA$beng$cFDA
=035  \\$a(FSUSCA)Horward_Row_2_Section_2_198
=245  00$aLe Proces du Marechel Ney /$cGeorges Bonnefous
=264  \1$a[Place of publication not identified] :$b[publisher not identified],$c1892
=300  \\$avolume
=336  \\$atext$btxt$2rdacontent
=337  \\$aunmediated$bn$2rdamedia
=338  \\$avolume$bnc$2rdacarrier
=500  \\$aTitle on spreadsheet: "Le Proces du Marechel Ney"
=590  \\$aHorward Collection$9LOCAL
=700  1\$aBonnefous, Georges
=936  1\$aHorward, Donald D.,$edonor$9LOCAL

