=LDR  00656nam a2200193Mi 4500
=008  \\\\\\s1942\\\\xx\\\\\\\\\\\\000\0\\\\\d
=040  \\$aFDA$beng$cFDA
=035  \\$a(FSUSCA)Horward_Row_2_Section_6_1012
=245  00$aLe Pur Armour de Napoleon /$cRoland Charmy
=264  \1$a[Place of publication not identified] :$bJean Renard,$c1942
=300  \\$avolume
=336  \\$atext$btxt$2rdacontent
=337  \\$aunmediated$bn$2rdamedia
=338  \\$avolume$bnc$2rdacarrier
=500  \\$aTitle on spreadsheet: "Le Pur Armour de Napoleon"
=500  \\$aCustom binding.
=590  \\$aHorward Collection$9LOCAL
=700  1\$aCharmy, Roland
=936  1\$aHorward, Donald D.,$edonor$9LOCAL

