=LDR  00694nam a2200193Mi 4500
=008  \\\\\\s1912\\\\xx\\\\\\\\\\\\000\0\\\\\d
=040  \\$aFDA$beng$cFDA
=035  \\$a(FSUSCA)Horward_Row_4_Section_8_2578
=245  00$aLe Quartier General de Napoleon A Waterloo /$cFleischmann
=264  \1$a[Place of publication not identified] :$bLes Amis de Waterloo,$c1912
=300  \\$avolume
=336  \\$atext$btxt$2rdacontent
=337  \\$aunmediated$bn$2rdamedia
=338  \\$avolume$bnc$2rdacarrier
=500  \\$aTitle on spreadsheet: "Le Quartier General de Napoleon A Waterloo"
=500  \\$aCustom binding.
=590  \\$aHorward Collection$9LOCAL
=700  1\$aFleischmann
=936  1\$aHorward, Donald D.,$edonor$9LOCAL

