=LDR  00676nam a2200193Mi 4500
=008  \\\\\\s1941\\\\xx\\\\\\\\\\\\000\0\\\\\d
=040  \\$aFDA$beng$cFDA
=035  \\$a(FSUSCA)Horward_Row_2_Section_3_377
=245  00$aLe Redressement de la Prusse Apres Iena /$cRene Bouvier
=264  \1$a[Place of publication not identified] :$bSorlot,$c1941
=300  \\$avolume
=336  \\$atext$btxt$2rdacontent
=337  \\$aunmediated$bn$2rdamedia
=338  \\$avolume$bnc$2rdacarrier
=500  \\$aTitle on spreadsheet: "Le Redressement de la Prusse Apres Iena"
=500  \\$aCustom binding.
=590  \\$aHorward Collection$9LOCAL
=700  1\$aBouvier, Rene
=936  1\$aHorward, Donald D.,$edonor$9LOCAL

