=LDR  00774nam a2200205Mi 4500
=008  \\\\\\s1897\\\\xx\\\\\\\\\\\\000\0\\\\\d
=040  \\$aFDA$beng$cFDA
=035  \\$a(FSUSCA)Horward_Row_4_Section_6_2295
=245  00$aLe Registre L'Ile D'Elbe, Lettres et Ordres Inedits de Napoleon Ier /$cLeon-G. Pelissier
=250  \\$aSecond
=264  \1$a[Place of publication not identified] :$bThorin et Fils,$c1897
=300  \\$avolume
=336  \\$atext$btxt$2rdacontent
=337  \\$aunmediated$bn$2rdamedia
=338  \\$avolume$bnc$2rdacarrier
=500  \\$aTitle on spreadsheet: "Le Registre L'Ile D'Elbe: Lettres et Ordres Inedits de Napoleon Ier"
=500  \\$aCustom binding.
=590  \\$aHorward Collection$9LOCAL
=700  1\$aPelissier, Leon-G.
=936  1\$aHorward, Donald D.,$edonor$9LOCAL

