=LDR  00661nam a2200193Mi 4500
=008  \\\\\\s1938\\\\xx\\\\\\\\\\\\000\0\\\\\d
=040  \\$aFDA$beng$cFDA
=035  \\$a(FSUSCA)Horward_Row_4_Section_7_2396
=245  00$aLe Roman de Napoleon Brumaire /$cOctave Aubry
=264  \1$a[Place of publication not identified] :$bTallandier,$c1938
=300  \\$avolume
=336  \\$atext$btxt$2rdacontent
=337  \\$aunmediated$bn$2rdamedia
=338  \\$avolume$bnc$2rdacarrier
=500  \\$aTitle on spreadsheet: "Le Roman de Napoleon Brumaire"
=500  \\$aCustom binding.
=590  \\$aHorward Collection$9LOCAL
=700  1\$aAubry, Octave
=936  1\$aHorward, Donald D.,$edonor$9LOCAL

