=LDR  00675nam a2200193Mi 4500
=008  \\\\\\s1894\\\\xx\\\\\\\\\\\\000\0\\\\\d
=040  \\$aFDA$beng$cFDA
=035  \\$a(FSUSCA)Horward_Row_2_Section_8_1441
=245  00$aLe Roman du Prince Eugene /$cAlbert Pulitzer
=264  \1$a[Place of publication not identified] :$bLibrairie de Firmin-Didot,$c1894
=300  \\$avolume
=336  \\$atext$btxt$2rdacontent
=337  \\$aunmediated$bn$2rdamedia
=338  \\$avolume$bnc$2rdacarrier
=500  \\$aTitle on spreadsheet: "Le Roman du Prince Eugene "
=500  \\$aCustom binding.
=590  \\$aHorward Collection$9LOCAL
=700  1\$aPulitzer, Albert
=936  1\$aHorward, Donald D.,$edonor$9LOCAL

