=LDR  00648nam a2200193Mi 4500
=008  \\\\\\s1964\\\\xx\\\\\\\\\\\\000\0\\\\\d
=040  \\$aFDA$beng$cFDA
=035  \\$a(FSUSCA)Horward_Row_2_Section_3_390
=245  00$aLe Sacre de Napoleon I /$cHenri Gaubert
=264  \1$a[Place of publication not identified] :$bFlammarion,$c1964
=300  \\$avolume
=336  \\$atext$btxt$2rdacontent
=337  \\$aunmediated$bn$2rdamedia
=338  \\$avolume$bnc$2rdacarrier
=500  \\$aTitle on spreadsheet: "Le Sacre de Napoleon I"
=500  \\$aCustom binding.
=590  \\$aHorward Collection$9LOCAL
=700  1\$aGaubert, Henri
=936  1\$aHorward, Donald D.,$edonor$9LOCAL

