=LDR  00663nam a2200181Mi 4500
=008  \\\\\\s1972\\\\xx\\\\\\\\\\\\000\0\\\\\d
=040  \\$aFDA$beng$cFDA
=035  \\$a(FSUSCA)Horward_Row_4_Section_6_2270
=245  00$aLes Americains a Paris Pendant La Revolution /$cYvon Bizardel
=264  \1$a[Place of publication not identified] :$bCalmann-Levy,$c1972
=300  \\$avolume
=336  \\$atext$btxt$2rdacontent
=337  \\$aunmediated$bn$2rdamedia
=338  \\$avolume$bnc$2rdacarrier
=500  \\$aTitle on spreadsheet: "Les Americains a Paris Pendant La Revolution"
=590  \\$aHorward Collection$9LOCAL
=700  1\$aBizardel, Yvon
=936  1\$aHorward, Donald D.,$edonor$9LOCAL

