=LDR  00686nam a2200193Mi 4500
=008  \\\\\\s1927\\\\xx\\\\\\\\\\\\000\0\\\\\d
=040  \\$aFDA$beng$cFDA
=035  \\$a(FSUSCA)Horward_Row_4_Section_8_2596
=245  00$aLes Annees de Boheme de la Duchesse D'Abrantes /$cMalo
=264  \1$a[Place of publication not identified] :$bEmile-Paul Frres,$c1927
=300  \\$avolume
=336  \\$atext$btxt$2rdacontent
=337  \\$aunmediated$bn$2rdamedia
=338  \\$avolume$bnc$2rdacarrier
=500  \\$aTitle on spreadsheet: "Les Annees de Boheme de la Duchesse D'Abrantes"
=500  \\$aCustom binding.
=590  \\$aHorward Collection$9LOCAL
=700  1\$aMalo
=936  1\$aHorward, Donald D.,$edonor$9LOCAL

