=LDR  00699nam a2200181Mi 4500
=008  \\\\\\suuuu\\\\xx\\\\\\\\\\\\000\0\\\\\d
=040  \\$aFDA$beng$cFDA
=035  \\$a(FSUSCA)Horward_Row_2_Section_5_823
=245  00$aLes Batailles de Fleurus and de Mont Saint-Jean /$cDelort
=264  \1$a[Place of publication not identified] :$b[publisher not identified],$c[date of publication not identified]
=300  \\$avolume
=336  \\$atext$btxt$2rdacontent
=337  \\$aunmediated$bn$2rdamedia
=338  \\$avolume$bnc$2rdacarrier
=500  \\$aTitle on spreadsheet: "Les Batailles de Fleurus and de Mont Saint-Jean"
=590  \\$aHorward Collection$9LOCAL
=700  1\$aDelort
=936  1\$aHorward, Donald D.,$edonor$9LOCAL

