=LDR  00668nam a2200193Mi 4500
=008  \\\\\\s1936\\\\xx\\\\\\\\\\\\000\0\\\\\d
=040  \\$aFDA$beng$cFDA
=035  \\$a(FSUSCA)Horward_Row_4_Section_7_2408
=245  00$aLes Beauharnais et L'Empereur /$cJean Hanoteau
=264  \1$a[Place of publication not identified] :$bPlon et Nourrit,$c1936
=300  \\$avolume
=336  \\$atext$btxt$2rdacontent
=337  \\$aunmediated$bn$2rdamedia
=338  \\$avolume$bnc$2rdacarrier
=500  \\$aTitle on spreadsheet: "Les Beauharnais et L'Empereur"
=500  \\$aCustom binding.
=590  \\$aHorward Collection$9LOCAL
=700  1\$aHanoteau, Jean
=936  1\$aHorward, Donald D.,$edonor$9LOCAL

