=LDR  00652nam a2200193Mi 4500
=008  \\\\\\s1951\\\\xx\\\\\\\\\\\\000\0\\\\\d
=040  \\$aFDA$beng$cFDA
=035  \\$a(FSUSCA)Horward_Row_2_Section_7_1153
=245  00$aLes Cahiers du Colonel Girard /$cDesachy
=264  \1$a[Place of publication not identified] :$bLibrary Plon,$c1951
=300  \\$avolume
=336  \\$atext$btxt$2rdacontent
=337  \\$aunmediated$bn$2rdamedia
=338  \\$avolume$bnc$2rdacarrier
=500  \\$aTitle on spreadsheet: "Les Cahiers du Colonel Girard"
=500  \\$aCustom binding.
=590  \\$aHorward Collection$9LOCAL
=700  1\$aDesachy
=936  1\$aHorward, Donald D.,$edonor$9LOCAL

