=LDR  00670nam a2200193Mi 4500
=008  \\\\\\s1963\\\\xx\\\\\\\\\\\\000\0\\\\\d
=040  \\$aFDA$beng$cFDA
=035  \\$a(FSUSCA)Horward_Row_4_Section_8_2587
=245  00$aLes Cinquante Jours de Waterloo A Plymouth /$cDuhamel
=264  \1$a[Place of publication not identified] :$bPlon,$c1963
=300  \\$avolume
=336  \\$atext$btxt$2rdacontent
=337  \\$aunmediated$bn$2rdamedia
=338  \\$avolume$bnc$2rdacarrier
=500  \\$aTitle on spreadsheet: "Les Cinquante Jours de Waterloo A Plymouth"
=500  \\$aCustom binding.
=590  \\$aHorward Collection$9LOCAL
=700  1\$aDuhamel
=936  1\$aHorward, Donald D.,$edonor$9LOCAL

