=LDR  00673nam a2200193Mi 4500
=008  \\\\\\s1908\\\\xx\\\\\\\\\\\\000\0\\\\\d
=040  \\$aFDA$beng$cFDA
=035  \\$a(FSUSCA)Horward_Row_4_Section_8_2654
=245  00$aLes Derniers Jours de L'Empereur /$cFremeaux
=264  \1$a[Place of publication not identified] :$bFlammarion,$c1908
=300  \\$avolume
=336  \\$atext$btxt$2rdacontent
=337  \\$aunmediated$bn$2rdamedia
=338  \\$avolume$bnc$2rdacarrier
=500  \\$aTitle on spreadsheet: "Les Derniers Jours de L'Empereur"
=500  \\$aWrapped in white tissue paper.
=590  \\$aHorward Collection$9LOCAL
=700  1\$aFremeaux
=936  1\$aHorward, Donald D.,$edonor$9LOCAL

