=LDR  00716nam a2200193Mi 4500
=008  \\\\\\s1898\\\\xx\\\\\\\\\\\\000\0\\\\\d
=040  \\$aFDA$beng$cFDA
=035  \\$a(FSUSCA)Horward_Row_4_Section_6_2294
=245  00$aLes Derniers Moments de Napoleon (1819-1821)$nVol. I /$cDr. Antommarchi
=264  \1$a[Place of publication not identified] :$bGarnier Freres,$c1898
=300  \\$avolume
=336  \\$atext$btxt$2rdacontent
=337  \\$aunmediated$bn$2rdamedia
=338  \\$avolume$bnc$2rdacarrier
=500  \\$aTitle on spreadsheet: "Les Derniers Moments de Napoleon (1819-1821), Vol. I"
=500  \\$aCustom binding.
=590  \\$aHorward Collection$9LOCAL
=700  1\$aDr. Antommarchi
=936  1\$aHorward, Donald D.,$edonor$9LOCAL

