=LDR  00702nam a2200193Mi 4500
=008  \\\\\\s1932\\\\xx\\\\\\\\\\\\000\0\\\\\d
=040  \\$aFDA$beng$cFDA
=035  \\$a(FSUSCA)Horward_Row_2_Section_2_364
=245  00$aLes Dissentiments de la Famille Imperiale /$cArthur-Levy
=264  \1$a[Place of publication not identified] :$bNouvelle Collection Historique,$c1932
=300  \\$avolume
=336  \\$atext$btxt$2rdacontent
=337  \\$aunmediated$bn$2rdamedia
=338  \\$avolume$bnc$2rdacarrier
=500  \\$aTitle on spreadsheet: "Les Dissentiments de la Famille Imperiale "
=500  \\$aCustom binding.
=590  \\$aHorward Collection$9LOCAL
=700  1\$aArthur-Levy
=936  1\$aHorward, Donald D.,$edonor$9LOCAL

