=LDR  00702nam a2200205Mi 4500
=008  \\\\\\s1880\\\\xx\\\\\\\\\\\\000\0\\\\\d
=040  \\$aFDA$beng$cFDA
=035  \\$a(FSUSCA)Horward_Row_2_Section_3_475
=245  00$aLes Francais en Espagne (1808-1814) /$cJ. J. E. Roy
=250  \\$aNew?
=264  \1$a[Place of publication not identified] :$bAlfred Mame et Fils,$c1880
=300  \\$avolume
=336  \\$atext$btxt$2rdacontent
=337  \\$aunmediated$bn$2rdamedia
=338  \\$avolume$bnc$2rdacarrier
=500  \\$aTitle on spreadsheet: "Les Francais en Espagne (1808-1814)"
=500  \\$aCustom binding.
=590  \\$aHorward Collection$9LOCAL
=700  1\$aRoy, J. J. E.
=936  1\$aHorward, Donald D.,$edonor$9LOCAL

