=LDR  00657nam a2200193Mi 4500
=008  \\\\\\s1873\\\\xx\\\\\\\\\\\\000\0\\\\\d
=040  \\$aFDA$beng$cFDA
=035  \\$a(FSUSCA)Horward_Row_2_Section_6_975
=245  00$aLes Francais Sur le Rhin /$cAlfred Rambaud
=264  \1$a[Place of publication not identified] :$bDidier et cie,$c1873
=300  \\$avolume
=336  \\$atext$btxt$2rdacontent
=337  \\$aunmediated$bn$2rdamedia
=338  \\$avolume$bnc$2rdacarrier
=500  \\$aTitle on spreadsheet: "Les Francais Sur le Rhin"
=500  \\$aCustom binding.
=590  \\$aHorward Collection$9LOCAL
=700  1\$aRambaud, Alfred
=936  1\$aHorward, Donald D.,$edonor$9LOCAL

