=LDR  00679nam a2200193Mi 4500
=008  \\\\\\s1873\\\\xx\\\\\\\\\\\\000\0\\\\\d
=040  \\$aFDA$beng$cFDA
=035  \\$a(FSUSCA)Horward_Row_2_Section_3_382
=245  00$aLes Francais sur le Rhin, 1792-1804 /$cAlfred Rambaud
=264  \1$a[Place of publication not identified] :$bDidier et Cie,$c1873
=300  \\$avolume
=336  \\$atext$btxt$2rdacontent
=337  \\$aunmediated$bn$2rdamedia
=338  \\$avolume$bnc$2rdacarrier
=500  \\$aTitle on spreadsheet: "Les Francais sur le Rhin, 1792-1804"
=500  \\$aCustom binding.
=590  \\$aHorward Collection$9LOCAL
=700  1\$aRambaud, Alfred
=936  1\$aHorward, Donald D.,$edonor$9LOCAL

