=LDR  00716nam a2200205Mi 4500
=008  \\\\\\s1947\\\\xx\\\\\\\\\\\\000\0\\\\\d
=040  \\$aFDA$beng$cFDA
=035  \\$a(FSUSCA)Horward_Row_2_Section_6_953
=245  00$aLes Generaux de la Revolution et de l'Empire /$cGeorges Six
=264  \1$a[Place of publication not identified] :$bBordas,$c1947
=300  \\$avolume
=336  \\$atext$btxt$2rdacontent
=337  \\$aunmediated$bn$2rdamedia
=338  \\$avolume$bnc$2rdacarrier
=500  \\$aTitle on spreadsheet: "Les Generaux de la Revolution et de l'Empire"
=500  \\$aCustom binding.
=500  \\$aLoose material.
=590  \\$aHorward Collection$9LOCAL
=700  1\$aSix, Georges
=936  1\$aHorward, Donald D.,$edonor$9LOCAL

