=LDR  00653nam a2200181Mi 4500
=008  \\\\\\s1911\\\\xx\\\\\\\\\\\\000\0\\\\\d
=040  \\$aFDA$beng$cFDA
=035  \\$a(FSUSCA)Horward_Row_2_Section_11_1865
=245  00$aLes Geoles de Province Sous la Terreur /$cAlbert Savine
=264  \1$a[Place of publication not identified] :$bLouis-Michaud,$c1911
=300  \\$avolume
=336  \\$atext$btxt$2rdacontent
=337  \\$aunmediated$bn$2rdamedia
=338  \\$avolume$bnc$2rdacarrier
=500  \\$aTitle on spreadsheet: "Les Geoles de Province Sous la Terreur"
=590  \\$aHorward Collection$9LOCAL
=700  1\$aSavine, Albert
=936  1\$aHorward, Donald D.,$edonor$9LOCAL

