=LDR  00690nam a2200193Mi 4500
=008  \\\\\\s1913\\\\xx\\\\\\\\\\\\000\0\\\\\d
=040  \\$aFDA$beng$cFDA
=035  \\$a(FSUSCA)Horward_Row_2_Section_2_248
=245  00$aLes Grandes Journees de la Constituante /$cAlbert Mathiez
=264  \1$a[Place of publication not identified] :$bHachette et Cie,$c1913
=300  \\$avolume
=336  \\$atext$btxt$2rdacontent
=337  \\$aunmediated$bn$2rdamedia
=338  \\$avolume$bnc$2rdacarrier
=500  \\$aTitle on spreadsheet: "Les Grandes Journees de la Constituante "
=500  \\$aCustom binding.
=590  \\$aHorward Collection$9LOCAL
=700  1\$aMathiez, Albert
=936  1\$aHorward, Donald D.,$edonor$9LOCAL

