=LDR  00681nam a2200193Mi 4500
=008  \\\\\\s1902\\\\xx\\\\\\\\\\\\000\0\\\\\d
=040  \\$aFDA$beng$cFDA
=035  \\$a(FSUSCA)Horward_Row_2_Section_4_603
=245  00$aLes Guerres D'espagne Sous Napoleon /$cEdouard Gachot
=264  \1$a[Place of publication not identified] :$bLibrairie Plon,$c1902
=300  \\$avolume
=336  \\$atext$btxt$2rdacontent
=337  \\$aunmediated$bn$2rdamedia
=338  \\$avolume$bnc$2rdacarrier
=500  \\$aTitle on spreadsheet: "Les Guerres D'espagne Sous Napoleon "
=500  \\$aCustom binding.
=590  \\$aHorward Collection$9LOCAL
=700  1\$aGachot, Edouard
=936  1\$aHorward, Donald D.,$edonor$9LOCAL

