=LDR  00720nam a2200193Mi 4500
=008  \\\\\\s1965\\\\xx\\\\\\\\\\\\000\0\\\\\d
=040  \\$aFDA$beng$cFDA
=035  \\$a(FSUSCA)Horward_Row_2_Section_2_268
=245  00$aLes Jacobins Polonais /$cBibliotheque D'Histoire Revolutionnaire
=264  \1$a[Place of publication not identified] :$bSociete des Etudes Robespieristes,$c1965
=300  \\$avolume
=336  \\$atext$btxt$2rdacontent
=337  \\$aunmediated$bn$2rdamedia
=338  \\$avolume$bnc$2rdacarrier
=500  \\$aTitle on spreadsheet: "Les Jacobins Polonais"
=500  \\$aCustom binding.
=590  \\$aHorward Collection$9LOCAL
=710  2\$aBibliotheque D'Histoire Revolutionnaire
=936  1\$aHorward, Donald D.,$edonor$9LOCAL

