=LDR  00658nam a2200181Mi 4500
=008  \\\\\\s1971\\\\xx\\\\\\\\\\\\000\0\\\\\d
=040  \\$aFDA$beng$cFDA
=035  \\$a(FSUSCA)Horward_Row_4_Section_7_2376
=245  00$aLes Masques Mortuaires de Napoleon /$cEugene de Veauce
=264  \1$a[Place of publication not identified] :$bLa Pensee Universelle,$c1971
=300  \\$avolume
=336  \\$atext$btxt$2rdacontent
=337  \\$aunmediated$bn$2rdamedia
=338  \\$avolume$bnc$2rdacarrier
=500  \\$aTitle on spreadsheet: "Les Masques Mortuaires de Napoleon"
=590  \\$aHorward Collection$9LOCAL
=700  1\$ade Veauce, Eugene
=936  1\$aHorward, Donald D.,$edonor$9LOCAL

