=LDR  00650nam a2200193Mi 4500
=008  \\\\\\s1945\\\\xx\\\\\\\\\\\\000\0\\\\\d
=040  \\$aFDA$beng$cFDA
=035  \\$a(FSUSCA)Horward_Row_2_Section_8_1377
=245  00$aLes Memoires de Fouche /$cLouis Madelin
=264  \1$a[Place of publication not identified] :$bFlammarion,$c1945
=300  \\$avolume
=336  \\$atext$btxt$2rdacontent
=337  \\$aunmediated$bn$2rdamedia
=338  \\$avolume$bnc$2rdacarrier
=500  \\$aTitle on spreadsheet: "Les Memoires de Fouche "
=500  \\$aCustom binding.
=590  \\$aHorward Collection$9LOCAL
=700  1\$aMadelin, Louis
=936  1\$aHorward, Donald D.,$edonor$9LOCAL

