=LDR  00745nam a2200193Mi 4500
=008  \\\\\\s1965\\\\xx\\\\\\\\\\\\000\0\\\\\d
=040  \\$aFDA$beng$cFDA
=035  \\$a(FSUSCA)Horward_Row_2_Section_2_232
=245  00$aLes Premiers Prefets des Hautes-Pyrenees (1800-1814) /$cJean Francois Soulet
=264  \1$a[Place of publication not identified] :$bSociete des Etudes Robespieristes,$c1965
=300  \\$avolume
=336  \\$atext$btxt$2rdacontent
=337  \\$aunmediated$bn$2rdamedia
=338  \\$avolume$bnc$2rdacarrier
=500  \\$aTitle on spreadsheet: "Les Premiers Prefets des Hautes-Pyrenees (1800-1814)"
=500  \\$aCustom binding.
=590  \\$aHorward Collection$9LOCAL
=700  1\$aSoulet, Jean Francois
=936  1\$aHorward, Donald D.,$edonor$9LOCAL

