=LDR  00666nam a2200181Mi 4500
=008  \\\\\\s1883\\\\xx\\\\\\\\\\\\000\0\\\\\d
=040  \\$aFDA$beng$cFDA
=035  \\$a(FSUSCA)Horward_Row_2_Section_1_144
=245  00$aLes Rois Freres de Napoleon /$cAlbert, Pierre Emmanuel
=264  \1$a[Place of publication not identified] :$bLibrairie Germer Bailliere et C,$c1883
=300  \\$avolume
=336  \\$atext$btxt$2rdacontent
=337  \\$aunmediated$bn$2rdamedia
=338  \\$avolume$bnc$2rdacarrier
=500  \\$aTitle on spreadsheet: "Les Rois Freres de Napoleon"
=590  \\$aHorward Collection$9LOCAL
=700  1\$aAlbert, Pierre Emmanuel
=936  1\$aHorward, Donald D.,$edonor$9LOCAL

