=LDR  00667nam a2200193Mi 4500
=008  \\\\\\s1908\\\\xx\\\\\\\\\\\\000\0\\\\\d
=040  \\$aFDA$beng$cFDA
=035  \\$a(FSUSCA)Horward_Row_4_Section_7_2500
=245  00$aLes Souffrances de l'Aiglon /$cCamille Cocuaud
=264  \1$a[Place of publication not identified] :$bCocuaud et cie,$c1908
=300  \\$avolume
=336  \\$atext$btxt$2rdacontent
=337  \\$aunmediated$bn$2rdamedia
=338  \\$avolume$bnc$2rdacarrier
=500  \\$aTitle on spreadsheet: "Les Souffrances de l'Aiglon"
=500  \\$aCustom binding.
=590  \\$aHorward Collection$9LOCAL
=700  1\$aCocuaud, Camille
=936  1\$aHorward, Donald D.,$edonor$9LOCAL

