=LDR  00639nam a2200181Mi 4500
=008  \\\\\\s1928\\\\xx\\\\\\\\\\\\000\0\\\\\d
=040  \\$aFDA$beng$cFDA
=035  \\$a(FSUSCA)Horward_Row_2_Section_6_1014
=245  00$aLetizia Bonaparte (Madame Mere) /$cClement Shaw
=264  \1$a[Place of publication not identified] :$bThe Viking Press,$c1928
=300  \\$avolume
=336  \\$atext$btxt$2rdacontent
=337  \\$aunmediated$bn$2rdamedia
=338  \\$avolume$bnc$2rdacarrier
=500  \\$aTitle on spreadsheet: "Letizia Bonaparte (Madame Mere)"
=590  \\$aHorward Collection$9LOCAL
=700  1\$aShaw, Clement
=936  1\$aHorward, Donald D.,$edonor$9LOCAL

