=LDR  00637nam a2200181Mi 4500
=008  \\\\\\s1940\\\\xx\\\\\\\\\\\\000\0\\\\\d
=040  \\$aFDA$beng$cFDA
=035  \\$a(FSUSCA)Horward_Row_2_Section_7_1192
=245  00$aLetters from the Corsican /$cNapoleon Bonaparte
=264  \1$a[Place of publication not identified] :$bVanguard Press,$c1940
=300  \\$avolume
=336  \\$atext$btxt$2rdacontent
=337  \\$aunmediated$bn$2rdamedia
=338  \\$avolume$bnc$2rdacarrier
=500  \\$aTitle on spreadsheet: "Letters from the Corsican"
=590  \\$aHorward Collection$9LOCAL
=700  1\$aBonaparte, Napoleon
=936  1\$aHorward, Donald D.,$edonor$9LOCAL

