=LDR  00790nam a2200193Mi 4500
=008  \\\\\\suuuu\\\\xx\\\\\\\\\\\\000\0\\\\\d
=040  \\$aFDA$beng$cFDA
=035  \\$a(FSUSCA)Horward_Row_2_Section_6_1077
=245  00$aLetters of Colonel Sir A.S. Frazer, Peninsular and Waterloo Campaigns /$cSabine?
=264  \1$a[Place of publication not identified] :$bSpottiswoode and Co.,$c[date of publication not identified]
=300  \\$avolume
=336  \\$atext$btxt$2rdacontent
=337  \\$aunmediated$bn$2rdamedia
=338  \\$avolume$bnc$2rdacarrier
=500  \\$aTitle on spreadsheet: "Letters of Colonel Sir A.S. Frazer: Peninsular and Waterloo Campaigns"
=500  \\$aLittle book info apart from spine.
=590  \\$aHorward Collection$9LOCAL
=700  1\$aSabine
=936  1\$aHorward, Donald D.,$edonor$9LOCAL

