=LDR  00636nam a2200181Mi 4500
=008  \\\\\\s1968\\\\xx\\\\\\\\\\\\000\0\\\\\d
=040  \\$aFDA$beng$cFDA
=035  \\$a(FSUSCA)Horward_Row_4_Section_6_2151
=245  00$aLetters of King George III /$cBonamy Dobree
=264  \1$a[Place of publication not identified] :$bFunk and Wagnalls,$c1968
=300  \\$avolume
=336  \\$atext$btxt$2rdacontent
=337  \\$aunmediated$bn$2rdamedia
=338  \\$avolume$bnc$2rdacarrier
=500  \\$aTitle on spreadsheet: "The Letters of King George III"
=590  \\$aHorward Collection$9LOCAL
=700  1\$aDobree, Bonamy
=936  1\$aHorward, Donald D.,$edonor$9LOCAL

