=LDR  00665nam a2200193Mi 4500
=008  \\\\\\s1893\\\\xx\\\\\\\\\\\\000\0\\\\\d
=040  \\$aFDA$beng$cFDA
=035  \\$a(FSUSCA)Horward_Row_2_Section_6_1020
=245  00$aLetters of Lady Burghersh /$cLady Rose Weigall
=264  \1$a[Place of publication not identified] :$bJohn Murray,$c1893
=300  \\$avolume
=336  \\$atext$btxt$2rdacontent
=337  \\$aunmediated$bn$2rdamedia
=338  \\$avolume$bnc$2rdacarrier
=500  \\$aTitle on spreadsheet: "The Letters of Lady Burghersh"
=500  \\$aLoose pages.
=590  \\$aHorward Collection$9LOCAL
=700  1\$aWeigall, Lady Rose
=936  1\$aHorward, Donald D.,$edonor$9LOCAL

