=LDR  00726nam a2200193Mi 4500
=008  \\\\\\s1935\\\\xx\\\\\\\\\\\\000\0\\\\\d
=040  \\$aFDA$beng$cFDA
=035  \\$a(FSUSCA)Horward_Row_2_Section_6_1040
=245  00$aLetters of Napoleon to Marie-Louise /$cCharles de la Ronciere and Philip Guedalla
=264  \1$a[Place of publication not identified] :$bHutchinson and Co.,$c1935
=300  \\$avolume
=336  \\$atext$btxt$2rdacontent
=337  \\$aunmediated$bn$2rdamedia
=338  \\$avolume$bnc$2rdacarrier
=500  \\$aTitle on spreadsheet: "The Letters of Napoleon to Marie-Louise"
=590  \\$aHorward Collection$9LOCAL
=700  1\$ade la Ronciere, Charles
=700  1\$aGuedalla, Philip
=936  1\$aHorward, Donald D.,$edonor$9LOCAL

