=LDR  00853nam a2200193Mi 4500
=008  \\\\\\s1986\\\\xx\\\\\\\\\\\\000\0\\\\\d
=040  \\$aFDA$beng$cFDA
=035  \\$a(FSUSCA)Horward_Row_2_Section_6_1071
=245  00$aLetters of the First Vicsount Hardinge of Lahore to Lady Hardinge and Sir Walter and Lady James, 1844-1847 /$cBawa Satinder Singh
=264  \1$a[Place of publication not identified] :$bOffice of the Royal Historical Society,$c1986
=300  \\$avolume
=336  \\$atext$btxt$2rdacontent
=337  \\$aunmediated$bn$2rdamedia
=338  \\$avolume$bnc$2rdacarrier
=500  \\$aTitle on spreadsheet: "The Letters of the First Vicsount Hardinge of Lahore to Lady Hardinge and Sir Walter and Lady James, 1844-1847"
=500  \\$aSigned.
=590  \\$aHorward Collection$9LOCAL
=700  1\$aSingh, Bawa Satinder
=936  1\$aHorward, Donald D.,$edonor$9LOCAL

