=LDR  00674nam a2200181Mi 4500
=008  \\\\\\suuuu\\\\xx\\\\\\\\\\\\000\0\\\\\d
=040  \\$aFDA$beng$cFDA
=035  \\$a(FSUSCA)Horward_Row_4_Section_7_2548
=245  00$aLettres D'Amour a Josephine /$cMaximes et Pensees
=264  \1$a[Place of publication not identified] :$bEditions Nilsson,$c[date of publication not identified]
=300  \\$avolume
=336  \\$atext$btxt$2rdacontent
=337  \\$aunmediated$bn$2rdamedia
=338  \\$avolume$bnc$2rdacarrier
=500  \\$aTitle on spreadsheet: "Lettres D'Amour a Josephine"
=590  \\$aHorward Collection$9LOCAL
=710  2\$aMaximes et Pensees
=936  1\$aHorward, Donald D.,$edonor$9LOCAL

