=LDR  00697nam a2200193Mi 4500
=008  \\\\\\s1897\\\\xx\\\\\\\\\\\\000\0\\\\\d
=040  \\$aFDA$beng$cFDA
=035  \\$a(FSUSCA)Horward_Row_2_Section_6_1041
=245  00$aLettres de Madame de Laplace a Elisa Napoleon /$cPaul Marmottan
=264  \1$a[Place of publication not identified] :$bA. Charles,$c1897
=300  \\$avolume
=336  \\$atext$btxt$2rdacontent
=337  \\$aunmediated$bn$2rdamedia
=338  \\$avolume$bnc$2rdacarrier
=500  \\$aTitle on spreadsheet: "Lettres de Madame de Laplace a Elisa Napoleon"
=500  \\$aCustom binding.
=590  \\$aHorward Collection$9LOCAL
=700  1\$aMarmottan, Paul
=936  1\$aHorward, Donald D.,$edonor$9LOCAL

