=LDR  00698nam a2200193Mi 4500
=008  \\\\\\s1952\\\\xx\\\\\\\\\\\\000\0\\\\\d
=040  \\$aFDA$beng$cFDA
=035  \\$a(FSUSCA)Horward_Row_4_Section_6_2285
=245  00$aLettres de Madame de Stael a Madame Recamier /$cE. Beau de Lomenie
=264  \1$a[Place of publication not identified] :$bDomat,$c1952
=300  \\$avolume
=336  \\$atext$btxt$2rdacontent
=337  \\$aunmediated$bn$2rdamedia
=338  \\$avolume$bnc$2rdacarrier
=500  \\$aTitle on spreadsheet: "Lettres de Madame de Stael a Madame Recamier"
=500  \\$aCustom binding.
=590  \\$aHorward Collection$9LOCAL
=700  1\$ade Lomenie, E. Beau
=936  1\$aHorward, Donald D.,$edonor$9LOCAL

