=LDR  00680nam a2200193Mi 4500
=008  \\\\\\s1928\\\\xx\\\\\\\\\\\\000\0\\\\\d
=040  \\$aFDA$beng$cFDA
=035  \\$a(FSUSCA)Horward_Row_2_Section_3_459
=245  00$aLettres de Napoleon a Josephine /$cDr. Leon Cerf
=264  \1$a[Place of publication not identified] :$bDuchartre et Van Buggenhoudt,$c1928
=300  \\$avolume
=336  \\$atext$btxt$2rdacontent
=337  \\$aunmediated$bn$2rdamedia
=338  \\$avolume$bnc$2rdacarrier
=500  \\$aTitle on spreadsheet: "Lettres de Napoleon a Josephine"
=500  \\$aCustom binding.
=590  \\$aHorward Collection$9LOCAL
=700  1\$aCerf, Leon
=936  1\$aHorward, Donald D.,$edonor$9LOCAL

