=LDR  00736nam a2200205Mi 4500
=008  \\\\\\s1897\\\\xx\\\\\\\\\\\\000\0\\\\\d
=040  \\$aFDA$beng$cFDA
=035  \\$a(FSUSCA)Horward_Row_2_Section_6_1030
=245  00$aLettres Inedites de Napoleon Ier$nVol. II /$cLeon Lecestre
=250  \\$aSecond
=264  \1$a[Place of publication not identified] :$bE. Plon, Nourrit, et cie,$c1897
=300  \\$avolume
=336  \\$atext$btxt$2rdacontent
=337  \\$aunmediated$bn$2rdamedia
=338  \\$avolume$bnc$2rdacarrier
=500  \\$aTitle on spreadsheet: "Lettres Inedites de Napoleon Ier, Vol. II"
=500  \\$aMay contain custom binding.
=590  \\$aHorward Collection$9LOCAL
=700  1\$aLecestre, Leon
=936  1\$aHorward, Donald D.,$edonor$9LOCAL

