=LDR  00706nam a2200193Mi 4500
=008  \\\\\\s1911\\\\xx\\\\\\\\\\\\000\0\\\\\d
=040  \\$aFDA$beng$cFDA
=035  \\$a(FSUSCA)Horward_Row_2_Section_3_471
=245  00$aLettres Inedites Ou Eparses de Joseph Bonaparte /$cJacques Rambaud
=264  \1$a[Place of publication not identified] :$bLibrairie Plon,$c1911
=300  \\$avolume
=336  \\$atext$btxt$2rdacontent
=337  \\$aunmediated$bn$2rdamedia
=338  \\$avolume$bnc$2rdacarrier
=500  \\$aTitle on spreadsheet: "Lettres Inedites Ou Eparses de Joseph Bonaparte"
=500  \\$aCustom binding.
=590  \\$aHorward Collection$9LOCAL
=700  1\$aRambaud, Jacques
=936  1\$aHorward, Donald D.,$edonor$9LOCAL

