=LDR  00787nam a2200205Mi 4500
=008  \\\\\\s1939\\\\xx\\\\\\\\\\\\000\0\\\\\d
=040  \\$aFDA$beng$cFDA
=035  \\$a(FSUSCA)Horward_Row_2_Section_3_465
=245  00$aLettres personnelles des Souverains a L'Empereur Napoleon 1er /$cLe Prince Napoleon et Jean Hanoteau
=264  \1$a[Place of publication not identified] :$bLibrairie Plon,$c1939
=300  \\$avolume
=336  \\$atext$btxt$2rdacontent
=337  \\$aunmediated$bn$2rdamedia
=338  \\$avolume$bnc$2rdacarrier
=500  \\$aTitle on spreadsheet: "Lettres personnelles des Souverains a L'Empereur Napoleon 1er"
=500  \\$aCustom binding.
=590  \\$aHorward Collection$9LOCAL
=700  1\$aLe Prince Napoleon
=700  1\$aHanoteau, Jean
=936  1\$aHorward, Donald D.,$edonor$9LOCAL

