=LDR  00639nam a2200181Mi 4500
=008  \\\\\\s1965\\\\xx\\\\\\\\\\\\000\0\\\\\d
=040  \\$aFDA$beng$cFDA
=035  \\$a(FSUSCA)Horward_Row_4_Section_7_2451
=245  00$aLIberty and Terror in England /$cRoland Bartel
=264  \1$a[Place of publication not identified] :$bD.C. Heath and Co.,$c1965
=300  \\$avolume
=336  \\$atext$btxt$2rdacontent
=337  \\$aunmediated$bn$2rdamedia
=338  \\$avolume$bnc$2rdacarrier
=500  \\$aTitle on spreadsheet: "LIberty and Terror in England"
=590  \\$aHorward Collection$9LOCAL
=700  1\$aBartel, Roland
=936  1\$aHorward, Donald D.,$edonor$9LOCAL

