=LDR  00681nam a2200181Mi 4500
=008  \\\\\\s1973\\\\xx\\\\\\\\\\\\000\0\\\\\d
=040  \\$aFDA$beng$cFDA
=035  \\$a(FSUSCA)Horward_Row_4_Section_5_2123
=245  00$aLife and Career of Count Louis Henri Loison /$cDonald L. Barry
=264  \1$a[Place of publication not identified] :$bFlorida State University,$c1973
=300  \\$avolume
=336  \\$atext$btxt$2rdacontent
=337  \\$aunmediated$bn$2rdamedia
=338  \\$avolume$bnc$2rdacarrier
=500  \\$aTitle on spreadsheet: "The Life and Career of Count Louis Henri Loison"
=590  \\$aHorward Collection$9LOCAL
=700  1\$aBarry, Donald L.
=936  1\$aHorward, Donald D.,$edonor$9LOCAL

