=LDR  00674nam a2200193Mi 4500
=008  \\\\\\s1963\\\\xx\\\\\\\\\\\\000\0\\\\\d
=040  \\$aFDA$beng$cFDA
=035  \\$a(FSUSCA)Horward_Row_4_Section_7_2480
=245  00$aLife and Death of Louis XVI /$cSaul K. Padover
=264  \1$a[Place of publication not identified] :$bAlvin Redman,$c1963
=300  \\$avolume
=336  \\$atext$btxt$2rdacontent
=337  \\$aunmediated$bn$2rdamedia
=338  \\$avolume$bnc$2rdacarrier
=500  \\$aTitle on spreadsheet: "The Life and Death of Louis XVI"
=500  \\$aSleeve on backwards.
=590  \\$aHorward Collection$9LOCAL
=700  1\$aPadover, Saul K.
=936  1\$aHorward, Donald D.,$edonor$9LOCAL

