=LDR  00693nam a2200181Mi 4500
=008  \\\\\\s1988\\\\xx\\\\\\\\\\\\000\0\\\\\d
=040  \\$aFDA$beng$cFDA
=035  \\$a(FSUSCA)Horward_Row_4_Section_5_2125
=245  00$aLife and Military Career of Robert Craufurd /$cAnthony Joseph Ettore
=264  \1$a[Place of publication not identified] :$bFlorida State University,$c1988
=300  \\$avolume
=336  \\$atext$btxt$2rdacontent
=337  \\$aunmediated$bn$2rdamedia
=338  \\$avolume$bnc$2rdacarrier
=500  \\$aTitle on spreadsheet: "The Life and Military Career of Robert Craufurd"
=590  \\$aHorward Collection$9LOCAL
=700  1\$aEttore, Anthony Joseph
=936  1\$aHorward, Donald D.,$edonor$9LOCAL

