=LDR  00850nam a2200181Mi 4500
=008  \\\\\\s1997\\\\xx\\\\\\\\\\\\000\0\\\\\d
=040  \\$aFDA$beng$cFDA
=035  \\$a(FSUSCA)Horward_Row_2_Section_12_2058
=245  00$aLife and Times of Lieutenant-General Jean Marie Joseph Donatien de Vimeur, Vicomte de Rochambeau, The Early Years /$cJames Lafayette Haynsworth IV
=264  \1$a[Place of publication not identified] :$bFlorida State University,$c1997
=300  \\$avolume
=336  \\$atext$btxt$2rdacontent
=337  \\$aunmediated$bn$2rdamedia
=338  \\$avolume$bnc$2rdacarrier
=500  \\$aTitle on spreadsheet: "The Life and Times of Lieutenant-General Jean Marie Joseph Donatien de Vimeur, Vicomte de Rochambeau: The Early Years"
=590  \\$aHorward Collection$9LOCAL
=700  1\$aHaynsworth, James Lafayette IV
=936  1\$aHorward, Donald D.,$edonor$9LOCAL

