=LDR  00693nam a2200193Mi 4500
=008  \\\\\\s1966\\\\xx\\\\\\\\\\\\000\0\\\\\d
=040  \\$aFDA$beng$cFDA
=035  \\$a(FSUSCA)Horward_Row_4_Section_7_2350
=245  00$aLife and Times of Napoleon /$cEnzo Orlandi and C. J. Richards
=264  \1$a[Place of publication not identified] :$bCurtis Publishing Company,$c1966
=300  \\$avolume
=336  \\$atext$btxt$2rdacontent
=337  \\$aunmediated$bn$2rdamedia
=338  \\$avolume$bnc$2rdacarrier
=500  \\$aTitle on spreadsheet: "The Life and Times of Napoleon"
=590  \\$aHorward Collection$9LOCAL
=700  1\$aOrlandi, Enzo
=700  1\$aRichards, C. J.
=936  1\$aHorward, Donald D.,$edonor$9LOCAL

