=LDR  00652nam a2200181Mi 4500
=008  \\\\\\s1972\\\\xx\\\\\\\\\\\\000\0\\\\\d
=040  \\$aFDA$beng$cFDA
=035  \\$a(FSUSCA)Horward_Row_2_Section_11_1978
=245  00$aLife in Wellington's Army /$cAntony Brett-James
=264  \1$a[Place of publication not identified] :$bGeorge Allen and Unwin, Ltd.,$c1972
=300  \\$avolume
=336  \\$atext$btxt$2rdacontent
=337  \\$aunmediated$bn$2rdamedia
=338  \\$avolume$bnc$2rdacarrier
=500  \\$aTitle on spreadsheet: "Life in Wellington's Army"
=590  \\$aHorward Collection$9LOCAL
=700  1\$aBrett-James, Antony
=936  1\$aHorward, Donald D.,$edonor$9LOCAL

