=LDR  00659nam a2200181Mi 4500
=008  \\\\\\s1923\\\\xx\\\\\\\\\\\\000\0\\\\\d
=040  \\$aFDA$beng$cFDA
=035  \\$a(FSUSCA)Horward_Row_2_Section_8_1337
=245  00$aLifeLetters of Sir John Moore /$cBeatrice Brownrigg
=264  \1$a[Place of publication not identified] :$bOxford: Basil Blackwell,$c1923
=300  \\$avolume
=336  \\$atext$btxt$2rdacontent
=337  \\$aunmediated$bn$2rdamedia
=338  \\$avolume$bnc$2rdacarrier
=500  \\$aTitle on spreadsheet: "The LifeLetters of Sir John Moore "
=590  \\$aHorward Collection$9LOCAL
=700  1\$aBrownrigg, Beatrice
=936  1\$aHorward, Donald D.,$edonor$9LOCAL

