=LDR  00714nam a2200181Mi 4500
=008  \\\\\\s1929\\\\xx\\\\\\\\\\\\000\0\\\\\d
=040  \\$aFDA$beng$cFDA
=035  \\$a(FSUSCA)Horward_Row_4_Section_8_2560
=245  00$aLife of a Regiment The History of the Gordon Highlanders$nVol 1 /$cC. Greenhill Gardyne
=264  \1$a[Place of publication not identified] :$bMedici Society,$c1929
=300  \\$avolume
=336  \\$atext$btxt$2rdacontent
=337  \\$aunmediated$bn$2rdamedia
=338  \\$avolume$bnc$2rdacarrier
=500  \\$aTitle on spreadsheet: "The Life of a Regiment The History of the Gordon Highlanders"
=590  \\$aHorward Collection$9LOCAL
=700  1\$aGardyne, C. Greenhill
=936  1\$aHorward, Donald D.,$edonor$9LOCAL

