=LDR  00719nam a2200193Mi 4500
=008  \\\\\\s1853\\\\xx\\\\\\\\\\\\000\0\\\\\d
=040  \\$aFDA$beng$cFDA
=035  \\$a(FSUSCA)Horward_Row_2_Section_6_908
=245  00$aLife of Arthur, Duke of Wellington /$cG. Lathom Browne, Esq.
=264  \1$a[Place of publication not identified] :$bSociety for Promoting Christian Knowledge,$c1853
=300  \\$avolume
=336  \\$atext$btxt$2rdacontent
=337  \\$aunmediated$bn$2rdamedia
=338  \\$avolume$bnc$2rdacarrier
=500  \\$aTitle on spreadsheet: "The Life of Arthur, Duke of Wellington"
=500  \\$aCustom binding.
=590  \\$aHorward Collection$9LOCAL
=700  1\$aBrowne, G. Lathom
=936  1\$aHorward, Donald D.,$edonor$9LOCAL

