=LDR  00629nam a2200181Mi 4500
=008  \\\\\\s1927\\\\xx\\\\\\\\\\\\000\0\\\\\d
=040  \\$aFDA$beng$cFDA
=035  \\$a(FSUSCA)Horward_Row_4_Section_8_2567
=245  00$aLife of Emma Hamilton /$cO.A. Sherrard
=264  \1$a[Place of publication not identified] :$bSidgwick and Jackson,$c1927
=300  \\$avolume
=336  \\$atext$btxt$2rdacontent
=337  \\$aunmediated$bn$2rdamedia
=338  \\$avolume$bnc$2rdacarrier
=500  \\$aTitle on spreadsheet: "The Life of Emma Hamilton"
=590  \\$aHorward Collection$9LOCAL
=700  1\$aSherrard, O.A.
=936  1\$aHorward, Donald D.,$edonor$9LOCAL

