=LDR  00774nam a2200193Mi 4500
=008  \\\\\\s1852\\\\xx\\\\\\\\\\\\000\0\\\\\d
=040  \\$aFDA$beng$cFDA
=035  \\$a(FSUSCA)Horward_Row_2_Section_8_1442
=245  00$aLife of Field Marshall the Duke of Wellington Vol. 1$nVol. 1 /$cJ.H. Stocquelter
=264  \1$a[Place of publication not identified] :$bIngram, Cookie, and Co.,$c1852
=300  \\$avolume
=336  \\$atext$btxt$2rdacontent
=337  \\$aunmediated$bn$2rdamedia
=338  \\$avolume$bnc$2rdacarrier
=500  \\$aTitle on spreadsheet: "The Life of Field Marshall the Duke of Wellington Vol. 1"
=500  \\$aThe Life of Field Marshall the Duke of Wellington
=590  \\$aHorward Collection$9LOCAL
=700  1\$aStocquelter, J.H.
=936  1\$aHorward, Donald D.,$edonor$9LOCAL

