=LDR  00602nam a2200181Mi 4500
=008  \\\\\\s1956\\\\xx\\\\\\\\\\\\000\0\\\\\d
=040  \\$aFDA$beng$cFDA
=035  \\$a(FSUSCA)Horward_Row_4_Section_6_2325
=245  00$aLife of Napoleon /$cStendhal
=264  \1$a[Place of publication not identified] :$bThe Rodale Press,$c1956
=300  \\$avolume
=336  \\$atext$btxt$2rdacontent
=337  \\$aunmediated$bn$2rdamedia
=338  \\$avolume$bnc$2rdacarrier
=500  \\$aTitle on spreadsheet: "A Life of Napoleon"
=590  \\$aHorward Collection$9LOCAL
=700  1\$aStendhal
=936  1\$aHorward, Donald D.,$edonor$9LOCAL

