=LDR  00728nam a2200205Mi 4500
=008  \\\\\\s1827\\\\xx\\\\\\\\\\\\000\0\\\\\d
=040  \\$aFDA$beng$cFDA
=035  \\$a(FSUSCA)Horward_Row_2_Section_5_824
=245  00$aLife of Napoleon Buonaparte$nVolume 1 /$cThe Author of Waverley
=250  \\$aSecond edition
=264  \1$a[Place of publication not identified] :$bCadell and Co. Edinburgh,$c1827
=300  \\$avolume
=336  \\$atext$btxt$2rdacontent
=337  \\$aunmediated$bn$2rdamedia
=338  \\$avolume$bnc$2rdacarrier
=500  \\$aTitle on spreadsheet: "The Life of Napoleon Buonaparte "
=500  \\$aCustom binding.
=500  \\$aDetached cover.
=590  \\$aHorward Collection$9LOCAL
=936  1\$aHorward, Donald D.,$edonor$9LOCAL

