=LDR  00651nam a2200181Mi 4500
=008  \\\\\\s1853\\\\xx\\\\\\\\\\\\000\0\\\\\d
=040  \\$aFDA$beng$cFDA
=035  \\$a(FSUSCA)Horward_Row_2_Section_9_1604
=245  00$aLife of the Duke of Wellington$nVol 2 /$cStocqueller
=264  \1$a[Place of publication not identified] :$bIngram, Cooke, and Co,$c1853
=300  \\$avolume
=336  \\$atext$btxt$2rdacontent
=337  \\$aunmediated$bn$2rdamedia
=338  \\$avolume$bnc$2rdacarrier
=500  \\$aTitle on spreadsheet: "The Life of the Duke of Wellington "
=590  \\$aHorward Collection$9LOCAL
=700  1\$aStocqueller
=936  1\$aHorward, Donald D.,$edonor$9LOCAL

