=LDR  00856nam a2200181Mi 4500
=008  \\\\\\suuuu\\\\xx\\\\\\\\\\\\000\0\\\\\d
=040  \\$aFDA$beng$cFDA
=035  \\$a(FSUSCA)Horward_Row_2_Section_8_1411
=245  00$aLife of the Duke Wellington compiled from Despatches and other Authentic Sources and Original Documents /$cColonel John Montmorency Tucker
=264  \1$a[Place of publication not identified] :$bJames Blackwood and Co.,$c[date of publication not identified]
=300  \\$avolume
=336  \\$atext$btxt$2rdacontent
=337  \\$aunmediated$bn$2rdamedia
=338  \\$avolume$bnc$2rdacarrier
=500  \\$aTitle on spreadsheet: "The Life of the Duke Wellington compiled from Despatches and other Authentic Sources and Original Documents"
=590  \\$aHorward Collection$9LOCAL
=700  1\$aTucker, John Montmorency
=936  1\$aHorward, Donald D.,$edonor$9LOCAL

