=LDR  00610nam a2200181Mi 4500
=008  \\\\\\s1890\\\\xx\\\\\\\\\\\\000\0\\\\\d
=040  \\$aFDA$beng$cFDA
=035  \\$a(FSUSCA)Horward_Row_2_Section_9_1571
=245  00$aLife of Wellington /$cMacfarlane
=264  \1$a[Place of publication not identified] :$bRoutledge and Sons,$c1890
=300  \\$avolume
=336  \\$atext$btxt$2rdacontent
=337  \\$aunmediated$bn$2rdamedia
=338  \\$avolume$bnc$2rdacarrier
=500  \\$aTitle on spreadsheet: "Life of Wellington"
=590  \\$aHorward Collection$9LOCAL
=700  1\$aMacfarlane
=936  1\$aHorward, Donald D.,$edonor$9LOCAL

