=LDR  00775nam a2200181Mi 4500
=008  \\\\\\s2001\\\\xx\\\\\\\\\\\\000\0\\\\\d
=040  \\$aFDA$beng$cFDA
=035  \\$a(FSUSCA)Horward_Row_4_Section_5_2074
=245  00$aLion of the Russian Army General Peter Bagration During The Russian Campaign of 1812 /$cAlexander Mikaberidze
=264  \1$a[Place of publication not identified] :$bFlorida State University,$c2001
=300  \\$avolume
=336  \\$atext$btxt$2rdacontent
=337  \\$aunmediated$bn$2rdamedia
=338  \\$avolume$bnc$2rdacarrier
=500  \\$aTitle on spreadsheet: "The Lion of the Russian Army General Peter Bagration During The Russian Campaign of 1812"
=590  \\$aHorward Collection$9LOCAL
=700  1\$aMikaberidze, Alexander
=936  1\$aHorward, Donald D.,$edonor$9LOCAL

