=LDR  00624nam a2200181Mi 4500
=008  \\\\\\s1963\\\\xx\\\\\\\\\\\\000\0\\\\\d
=040  \\$aFDA$beng$cFDA
=035  \\$a(FSUSCA)Horward_Row_2_Section_8_1332
=245  00$aLives of Talleyrand /$cCrane Brinton
=264  \1$a[Place of publication not identified] :$bThe Norton Library,$c1963
=300  \\$avolume
=336  \\$atext$btxt$2rdacontent
=337  \\$aunmediated$bn$2rdamedia
=338  \\$avolume$bnc$2rdacarrier
=500  \\$aTitle on spreadsheet: "The Lives of Talleyrand "
=590  \\$aHorward Collection$9LOCAL
=700  1\$aBrinton, Crane
=936  1\$aHorward, Donald D.,$edonor$9LOCAL

