=LDR  00723nam a2200181Mi 4500
=008  \\\\\\s1998\\\\xx\\\\\\\\\\\\000\0\\\\\d
=040  \\$aFDA$beng$cFDA
=035  \\$a(FSUSCA)Horward_Row_4_Section_7_2420
=245  00$aLoano 1795, Tra Francia e Italia Dall'Ancien Regime Ai Tempi Nuovi /$cJosepha Costa Restagno
=264  \1$a[Place of publication not identified] :$bBordighera,$c1998
=300  \\$avolume
=336  \\$atext$btxt$2rdacontent
=337  \\$aunmediated$bn$2rdamedia
=338  \\$avolume$bnc$2rdacarrier
=500  \\$aTitle on spreadsheet: "Loano 1795: Tra Francia e Italia Dall'Ancien Regime Ai Tempi Nuovi"
=590  \\$aHorward Collection$9LOCAL
=700  1\$aRestagno, Josepha Costa
=936  1\$aHorward, Donald D.,$edonor$9LOCAL

