=LDR  00694nam a2200193Mi 4500
=008  \\\\\\suuuu\\\\xx\\\\\\\\\\\\000\0\\\\\d
=040  \\$aFDA$beng$cFDA
=035  \\$a(FSUSCA)Horward_Row_2_Section_7_1261
=245  00$aLong Shadow of Waterloo /$cTimothy Fitzpatrick
=264  \1$a[Place of publication not identified] :$bCasemate,$c[date of publication not identified]
=300  \\$avolume
=336  \\$atext$btxt$2rdacontent
=337  \\$aunmediated$bn$2rdamedia
=338  \\$avolume$bnc$2rdacarrier
=500  \\$aTitle on spreadsheet: "The Long Shadow of Waterloo"
=500  \\$aAutographed.
=590  \\$aHorward Collection$9LOCAL
=700  1\$aFitzpatrick, Timothy
=936  1\$aHorward, Donald D.,$edonor$9LOCAL

