=LDR  00679nam a2200181Mi 4500
=008  \\\\\\s1991\\\\xx\\\\\\\\\\\\000\0\\\\\d
=040  \\$aFDA$beng$cFDA
=035  \\$a(FSUSCA)Horward_Row_4_Section_5_2142
=245  00$aLost Peace, Franco-Russian Relations /$cMatthew Jesse Jackson
=264  \1$a[Place of publication not identified] :$bFlorida State University,$c1991
=300  \\$avolume
=336  \\$atext$btxt$2rdacontent
=337  \\$aunmediated$bn$2rdamedia
=338  \\$avolume$bnc$2rdacarrier
=500  \\$aTitle on spreadsheet: "The Lost Peace, Franco-Russian Relations"
=590  \\$aHorward Collection$9LOCAL
=700  1\$aJackson, Matthew Jesse
=936  1\$aHorward, Donald D.,$edonor$9LOCAL

