=LDR  00646nam a2200193Mi 4500
=008  \\\\\\s1911\\\\xx\\\\\\\\\\\\000\0\\\\\d
=040  \\$aFDA$beng$cFDA
=035  \\$a(FSUSCA)Horward_Row_2_Section_7_1151
=245  00$aLouis Bonaparte en Hollande /$cDuboscq
=264  \1$a[Place of publication not identified] :$bEmile Paul,$c1911
=300  \\$avolume
=336  \\$atext$btxt$2rdacontent
=337  \\$aunmediated$bn$2rdamedia
=338  \\$avolume$bnc$2rdacarrier
=500  \\$aTitle on spreadsheet: "Louis Bonaparte en Hollande"
=500  \\$aCustom binding.
=590  \\$aHorward Collection$9LOCAL
=700  1\$aDuboscq
=936  1\$aHorward, Donald D.,$edonor$9LOCAL

