=LDR  00651nam a2200193Mi 4500
=008  \\\\\\s1937\\\\xx\\\\\\\\\\\\000\0\\\\\d
=040  \\$aFDA$beng$cFDA
=035  \\$a(FSUSCA)Horward_Row_2_Section_3_457
=245  00$aLouise de Prusse /$cAlbert-Emile Sorel
=264  \1$a[Place of publication not identified] :$bBernard Grasset,$c1937
=300  \\$avolume
=336  \\$atext$btxt$2rdacontent
=337  \\$aunmediated$bn$2rdamedia
=338  \\$avolume$bnc$2rdacarrier
=500  \\$aTitle on spreadsheet: "Louise de Prusse"
=500  \\$aCustom binding.
=590  \\$aHorward Collection$9LOCAL
=700  1\$aSorel, Albert-Emile
=936  1\$aHorward, Donald D.,$edonor$9LOCAL

