=LDR  00601nam a2200181Mi 4500
=008  \\\\\\s1993\\\\xx\\\\\\\\\\\\000\0\\\\\d
=040  \\$aFDA$beng$cFDA
=035  \\$a(FSUSCA)Horward_Row_2_Section_11_1926
=245  00$aLouis XVI /$cJohn Hardman
=264  \1$a[Place of publication not identified] :$bYale University Press,$c1993
=300  \\$avolume
=336  \\$atext$btxt$2rdacontent
=337  \\$aunmediated$bn$2rdamedia
=338  \\$avolume$bnc$2rdacarrier
=500  \\$aTitle on spreadsheet: "Louis XVI"
=590  \\$aHorward Collection$9LOCAL
=700  1\$aHardman, John
=936  1\$aHorward, Donald D.,$edonor$9LOCAL

