=LDR  00644nam a2200181Mi 4500
=008  \\\\\\s1961\\\\xx\\\\\\\\\\\\000\0\\\\\d
=040  \\$aFDA$beng$cFDA
=035  \\$a(FSUSCA)Horward_Row_4_Section_7_2462
=245  00$aLove in Five Temperaments /$cJ. Christopher Herold
=264  \1$a[Place of publication not identified] :$bHamish Hamilton,$c1961
=300  \\$avolume
=336  \\$atext$btxt$2rdacontent
=337  \\$aunmediated$bn$2rdamedia
=338  \\$avolume$bnc$2rdacarrier
=500  \\$aTitle on spreadsheet: "Love in Five Temperaments"
=590  \\$aHorward Collection$9LOCAL
=700  1\$aHerold, J. Christopher
=936  1\$aHorward, Donald D.,$edonor$9LOCAL

