=LDR  00617nam a2200181Mi 4500
=008  \\\\\\s1968\\\\xx\\\\\\\\\\\\000\0\\\\\d
=040  \\$aFDA$beng$cFDA
=035  \\$a(FSUSCA)Horward_Row_2_Section_10_1715
=245  00$aMadame Casanova /$cGaby von Schonthan
=264  \1$a[Place of publication not identified] :$bMerdith Press,$c1968
=300  \\$avolume
=336  \\$atext$btxt$2rdacontent
=337  \\$aunmediated$bn$2rdamedia
=338  \\$avolume$bnc$2rdacarrier
=500  \\$aTitle on spreadsheet: "Madame Casanova"
=590  \\$aHorward Collection$9LOCAL
=700  1\$avon Schonthan, Gaby
=936  1\$aHorward, Donald D.,$edonor$9LOCAL

