=LDR  00624nam a2200181Mi 4500
=008  \\\\\\s1889\\\\xx\\\\\\\\\\\\000\0\\\\\d
=040  \\$aFDA$beng$cFDA
=035  \\$a(FSUSCA)Horward_Row_2_Section_1_130
=245  00$aMadame de Stael$nvol 2 /$cStevens, Abel
=264  \1$a[Place of publication not identified] :$bHarper and Brothers,$c1889
=300  \\$avolume
=336  \\$atext$btxt$2rdacontent
=337  \\$aunmediated$bn$2rdamedia
=338  \\$avolume$bnc$2rdacarrier
=500  \\$aTitle on spreadsheet: "Madame de Stael, vol 2"
=590  \\$aHorward Collection$9LOCAL
=700  1\$aStevens, Abel
=936  1\$aHorward, Donald D.,$edonor$9LOCAL

