=LDR  00630nam a2200181Mi 4500
=008  \\\\\\s1933\\\\xx\\\\\\\\\\\\000\0\\\\\d
=040  \\$aFDA$beng$cFDA
=035  \\$a(FSUSCA)Horward_Row_4_Section_7_2391
=245  00$aMadame de Stael et Napoleon /$cPaul Gautier
=264  \1$a[Place of publication not identified] :$bPlon et Nourrit,$c1933
=300  \\$avolume
=336  \\$atext$btxt$2rdacontent
=337  \\$aunmediated$bn$2rdamedia
=338  \\$avolume$bnc$2rdacarrier
=500  \\$aTitle on spreadsheet: "Madame de Stael et Napoleon"
=590  \\$aHorward Collection$9LOCAL
=700  1\$aGautier, Paul
=936  1\$aHorward, Donald D.,$edonor$9LOCAL

