=LDR  00640nam a2200193Mi 4500
=008  \\\\\\s1939\\\\xx\\\\\\\\\\\\000\0\\\\\d
=040  \\$aFDA$beng$cFDA
=035  \\$a(FSUSCA)Horward_Row_2_Section_6_998
=245  00$aMadame Mere /$cA. Augustin-Thierry
=264  \1$a[Place of publication not identified] :$bAlbin Michel,$c1939
=300  \\$avolume
=336  \\$atext$btxt$2rdacontent
=337  \\$aunmediated$bn$2rdamedia
=338  \\$avolume$bnc$2rdacarrier
=500  \\$aTitle on spreadsheet: "Madame Mere"
=500  \\$aCustom binding.
=590  \\$aHorward Collection$9LOCAL
=700  1\$aAugustin-Thierry, A.
=936  1\$aHorward, Donald D.,$edonor$9LOCAL

