=LDR  00645nam a2200193Mi 4500
=008  \\\\\\s1892\\\\xx\\\\\\\\\\\\000\0\\\\\d
=040  \\$aFDA$beng$cFDA
=035  \\$a(FSUSCA)Horward_Row_2_Section_2_270
=245  00$aMadame Mere Essai Historique
=264  \1$a[Place of publication not identified] :$bE. Dentu,$c1892
=300  \\$avolume
=336  \\$atext$btxt$2rdacontent
=337  \\$aunmediated$bn$2rdamedia
=338  \\$avolume$bnc$2rdacarrier
=500  \\$aTitle on spreadsheet: "Madame Mere Essai Historique "
=500  \\$aCustom binding.
=590  \\$aHorward Collection$9LOCAL
=700  1\$aLe Baron Larrey
=936  1\$aHorward, Donald D.,$edonor$9LOCAL

