=LDR  00638nam a2200181Mi 4500
=008  \\\\\\s1875\\\\xx\\\\\\\\\\\\000\0\\\\\d
=040  \\$aFDA$beng$cFDA
=035  \\$a(FSUSCA)Horward_Row_2_Section_6_1011
=245  00$aMadame Recamier and Her Friends /$cW.H. Barnes?
=264  \1$a[Place of publication not identified] :$bRoberts Brothers,$c1875
=300  \\$avolume
=336  \\$atext$btxt$2rdacontent
=337  \\$aunmediated$bn$2rdamedia
=338  \\$avolume$bnc$2rdacarrier
=500  \\$aTitle on spreadsheet: "Madame Recamier and Her Friends"
=590  \\$aHorward Collection$9LOCAL
=700  1\$aBarnes, W.H.
=936  1\$aHorward, Donald D.,$edonor$9LOCAL

