=LDR  00658nam a2200193Mi 4500
=008  \\\\\\s1924\\\\xx\\\\\\\\\\\\000\0\\\\\d
=040  \\$aFDA$beng$cFDA
=035  \\$a(FSUSCA)Horward_Row_2_Section_6_1024
=245  00$aMadame Recamier et Ses Amis /$cEdouard Herriot
=264  \1$a[Place of publication not identified] :$bPayot,$c1924
=300  \\$avolume
=336  \\$atext$btxt$2rdacontent
=337  \\$aunmediated$bn$2rdamedia
=338  \\$avolume$bnc$2rdacarrier
=500  \\$aTitle on spreadsheet: "Madame Recamier et Ses Amis"
=500  \\$aCustom binding.
=590  \\$aHorward Collection$9LOCAL
=700  1\$aHerriot, Edouard
=936  1\$aHorward, Donald D.,$edonor$9LOCAL

