=LDR  00786nam a2200193Mi 4500
=008  \\\\\\suuuu\\\\xx\\\\\\\\\\\\000\0\\\\\d
=040  \\$aFDA$beng$cFDA
=035  \\$a(FSUSCA)Horward_Row_2_Section_6_1018
=245  00$aMadame Sans Gene, Les Campagnes de Therese Figueur 1793-1815 /$cSaint-Germain Leduc
=264  \1$a[Place of publication not identified] :$bLibrairie Guillaumin et cie,$c[date of publication not identified]
=300  \\$avolume
=336  \\$atext$btxt$2rdacontent
=337  \\$aunmediated$bn$2rdamedia
=338  \\$avolume$bnc$2rdacarrier
=500  \\$aTitle on spreadsheet: "Madame Sans Gene: Les Campagnes de Therese Figueur 1793-1815"
=500  \\$aCustom binding.
=590  \\$aHorward Collection$9LOCAL
=700  1\$aLeduc, Saint-Germain
=936  1\$aHorward, Donald D.,$edonor$9LOCAL

