=LDR  00629nam a2200181Mi 4500
=008  \\\\\\s1931\\\\xx\\\\\\\\\\\\000\0\\\\\d
=040  \\$aFDA$beng$cFDA
=035  \\$a(FSUSCA)Horward_Row_2_Section_1_58
=245  00$aMagnificent Comedy /$cMinnigerode, Meade
=264  \1$a[Place of publication not identified] :$bFarrar and Rinehari,$c1931
=300  \\$avolume
=336  \\$atext$btxt$2rdacontent
=337  \\$aunmediated$bn$2rdamedia
=338  \\$avolume$bnc$2rdacarrier
=500  \\$aTitle on spreadsheet: "The Magnificent Comedy"
=590  \\$aHorward Collection$9LOCAL
=700  1\$aMinnigerode, Meade
=936  1\$aHorward, Donald D.,$edonor$9LOCAL

