=LDR  00802nam a2200205Mi 4500
=008  \\\\\\s1986\\\\xx\\\\\\\\\\\\000\0\\\\\d
=040  \\$aFDA$beng$cFDA
=035  \\$a(FSUSCA)Horward_Row_2_Section_4_617
=245  00$aMakers of Modern Strategy from Machiavelli to the Nuclear Age /$cPeter Paret, Gordon A. Craig, Felix Gilbert
=264  \1$a[Place of publication not identified] :$bPrinceton University Press,$c1986
=300  \\$avolume
=336  \\$atext$btxt$2rdacontent
=337  \\$aunmediated$bn$2rdamedia
=338  \\$avolume$bnc$2rdacarrier
=500  \\$aTitle on spreadsheet: "Makers of Modern Strategy from Machiavelli to the Nuclear Age"
=590  \\$aHorward Collection$9LOCAL
=700  1\$aParet, Peter
=700  1\$aCraig, Gordon A.
=700  1\$aGilbert, Felix
=936  1\$aHorward, Donald D.,$edonor$9LOCAL

