=LDR  00747nam a2200181Mi 4500
=008  \\\\\\s2005\\\\xx\\\\\\\\\\\\000\0\\\\\d
=040  \\$aFDA$beng$cFDA
=035  \\$a(FSUSCA)Horward_Row_4_Section_5_2085
=245  00$aMaking of a Marshal, Bertrand Clauzel Takes Command of the Army of Portugal /$cJeffrey Graceffo
=264  \1$a[Place of publication not identified] :$bFlorida State University,$c2005
=300  \\$avolume
=336  \\$atext$btxt$2rdacontent
=337  \\$aunmediated$bn$2rdamedia
=338  \\$avolume$bnc$2rdacarrier
=500  \\$aTitle on spreadsheet: "The Making of a Marshal: Bertrand Clauzel Takes Command of the Army of Portugal"
=590  \\$aHorward Collection$9LOCAL
=700  1\$aGraceffo, Jeffrey
=936  1\$aHorward, Donald D.,$edonor$9LOCAL

