=LDR  00718nam a2200181Mi 4500
=008  \\\\\\s1983\\\\xx\\\\\\\\\\\\000\0\\\\\d
=040  \\$aFDA$beng$cFDA
=035  \\$a(FSUSCA)Horward_Row_2_Section_11_1969
=245  00$aManuscritos do Arquivo Historico de Vincennes$nVol. III /$cAntonio Pedro Vicente
=264  \1$a[Place of publication not identified] :$bFundacao Calouste Culbenkian,$c1983
=300  \\$avolume
=336  \\$atext$btxt$2rdacontent
=337  \\$aunmediated$bn$2rdamedia
=338  \\$avolume$bnc$2rdacarrier
=500  \\$aTitle on spreadsheet: "Manuscritos do Arquivo Historico de Vincennes, Vol. III"
=590  \\$aHorward Collection$9LOCAL
=700  1\$aVicente, Antonio Pedro
=936  1\$aHorward, Donald D.,$edonor$9LOCAL

