=LDR  00696nam a2200181Mi 4500
=008  \\\\\\s1937\\\\xx\\\\\\\\\\\\000\0\\\\\d
=040  \\$aFDA$beng$cFDA
=035  \\$a(FSUSCA)Horward_Row_4_Section_6_2165
=245  00$aMan Wellington Through the Eyes of those Who Knew Him /$cMuriel Wellesley
=264  \1$a[Place of publication not identified] :$bConstable and Co.,$c1937
=300  \\$avolume
=336  \\$atext$btxt$2rdacontent
=337  \\$aunmediated$bn$2rdamedia
=338  \\$avolume$bnc$2rdacarrier
=500  \\$aTitle on spreadsheet: "The Man Wellington Through the Eyes of those Who Knew Him"
=590  \\$aHorward Collection$9LOCAL
=700  1\$aWellesley, Muriel
=936  1\$aHorward, Donald D.,$edonor$9LOCAL

