=LDR  00756nam a2200181Mi 4500
=008  \\\\\\s2005\\\\xx\\\\\\\\\\\\000\0\\\\\d
=040  \\$aFDA$beng$cFDA
=035  \\$a(FSUSCA)Horward_Row_2_Section_8_1286
=245  00$aMan who had been King, The American Exile of Napoleon's Brother Joseph /$cPatricia Tyson Stroud
=264  \1$a[Place of publication not identified] :$bUniversity of Pennslyvania Press,$c2005
=300  \\$avolume
=336  \\$atext$btxt$2rdacontent
=337  \\$aunmediated$bn$2rdamedia
=338  \\$avolume$bnc$2rdacarrier
=500  \\$aTitle on spreadsheet: "The Man who had been King: The American Exile of Napoleon's Brother Joseph "
=590  \\$aHorward Collection$9LOCAL
=700  1\$aStroud, Patricia Tyson
=936  1\$aHorward, Donald D.,$edonor$9LOCAL

