=LDR  00640nam a2200181Mi 4500
=008  \\\\\\s1962\\\\xx\\\\\\\\\\\\000\0\\\\\d
=040  \\$aFDA$beng$cFDA
=035  \\$a(FSUSCA)Horward_Row_2_Section_2_181
=245  00$aMarie Adelaide de Cice /$ctranslated by John Joyce
=264  \1$a[Place of publication not identified] :$b[publisher not identified],$c1962
=300  \\$avolume
=336  \\$atext$btxt$2rdacontent
=337  \\$aunmediated$bn$2rdamedia
=338  \\$avolume$bnc$2rdacarrier
=500  \\$aTitle on spreadsheet: "Marie Adelaide de Cice"
=590  \\$aHorward Collection$9LOCAL
=700  1\$aJoyce, John
=936  1\$aHorward, Donald D.,$edonor$9LOCAL

