=LDR  00666nam a2200181Mi 4500
=008  \\\\\\s1968\\\\xx\\\\\\\\\\\\000\0\\\\\d
=040  \\$aFDA$beng$cFDA
=035  \\$a(FSUSCA)Horward_Row_2_Section_6_1059
=245  00$aMarie Antoinette, The Tragic Queen /$cDorothy Moulton Mayer
=264  \1$a[Place of publication not identified] :$bCoward McCann, Inc.,$c1968
=300  \\$avolume
=336  \\$atext$btxt$2rdacontent
=337  \\$aunmediated$bn$2rdamedia
=338  \\$avolume$bnc$2rdacarrier
=500  \\$aTitle on spreadsheet: "Marie Antoinette: The Tragic Queen"
=590  \\$aHorward Collection$9LOCAL
=700  1\$aMayer, Dorothy Moulton
=936  1\$aHorward, Donald D.,$edonor$9LOCAL

