=LDR  00757nam a2200193Mi 4500
=008  \\\\\\s1893\\\\xx\\\\\\\\\\\\000\0\\\\\d
=040  \\$aFDA$beng$cFDA
=035  \\$a(FSUSCA)Horward_Row_2_Section_6_1022
=245  00$aMarie Antoinette and the End of the Old Regime /$cThomas Sergeant Perry, Imbert de Saint-Amand
=264  \1$a[Place of publication not identified] :$bCharles Scribner's Sons,$c1893
=300  \\$avolume
=336  \\$atext$btxt$2rdacontent
=337  \\$aunmediated$bn$2rdamedia
=338  \\$avolume$bnc$2rdacarrier
=500  \\$aTitle on spreadsheet: "Marie Antoinette and the End of the Old Regime "
=590  \\$aHorward Collection$9LOCAL
=700  1\$aPerry, Thomas Sergeant
=700  1\$ade Saint-Amand, Imbert
=936  1\$aHorward, Donald D.,$edonor$9LOCAL

