=LDR  00666nam a2200193Mi 4500
=008  \\\\\\s1955\\\\xx\\\\\\\\\\\\000\0\\\\\d
=040  \\$aFDA$beng$cFDA
=035  \\$a(FSUSCA)Horward_Row_4_Section_8_2663
=245  00$aMarie-Louise et Napoleon /$cLettres Inediites
=264  \1$a[Place of publication not identified] :$bLibrairie Stock,$c1955
=300  \\$avolume
=336  \\$atext$btxt$2rdacontent
=337  \\$aunmediated$bn$2rdamedia
=338  \\$avolume$bnc$2rdacarrier
=500  \\$aTitle on spreadsheet: "Marie-Louise et Napoleon"
=500  \\$aCustom binding.
=590  \\$aHorward Collection$9LOCAL
=700  1\$aInediites, Lettres
=936  1\$aHorward, Donald D.,$edonor$9LOCAL

