=LDR  00701nam a2200193Mi 4500
=008  \\\\\\s1952\\\\xx\\\\\\\\\\\\000\0\\\\\d
=040  \\$aFDA$beng$cFDA
=035  \\$a(FSUSCA)Horward_Row_2_Section_3_434
=245  00$aMarie-Louise Femme de Napoleon 1er (1791-1847) /$cJules Bertaut
=264  \1$a[Place of publication not identified] :$bAmiot et Dumont,$c1952
=300  \\$avolume
=336  \\$atext$btxt$2rdacontent
=337  \\$aunmediated$bn$2rdamedia
=338  \\$avolume$bnc$2rdacarrier
=500  \\$aTitle on spreadsheet: "Marie-Louise Femme de Napoleon 1er (1791-1847)"
=500  \\$aCustom binding.
=590  \\$aHorward Collection$9LOCAL
=700  1\$aBertaut, Jules
=936  1\$aHorward, Donald D.,$edonor$9LOCAL

