=LDR  00708nam a2200193Mi 4500
=008  \\\\\\s1938\\\\xx\\\\\\\\\\\\000\0\\\\\d
=040  \\$aFDA$beng$cFDA
=035  \\$a(FSUSCA)Horward_Row_4_Section_6_2318
=245  00$aMarie Walewska, L'Epouse Polonaise de Napoleon /$cComte D.Ornano
=264  \1$a[Place of publication not identified] :$bHachette,$c1938
=300  \\$avolume
=336  \\$atext$btxt$2rdacontent
=337  \\$aunmediated$bn$2rdamedia
=338  \\$avolume$bnc$2rdacarrier
=500  \\$aTitle on spreadsheet: "Marie Walewska: L'Epouse Polonaise de Napoleon"
=500  \\$aMay contain custom binding.
=590  \\$aHorward Collection$9LOCAL
=700  1\$aComte D.Ornano
=936  1\$aHorward, Donald D.,$edonor$9LOCAL

