=LDR  00726nam a2200193Mi 4500
=008  \\\\\\s1909\\\\xx\\\\\\\\\\\\000\0\\\\\d
=040  \\$aFDA$beng$cFDA
=035  \\$a(FSUSCA)Horward_Row_2_Section_3_553
=245  00$aMarinha Portugeza no Tempo dos Francezes /$cJoao Braz d'Oliveira
=264  \1$a[Place of publication not identified] :$bTypographia de Cooperativa Militar,$c1909
=300  \\$avolume
=336  \\$atext$btxt$2rdacontent
=337  \\$aunmediated$bn$2rdamedia
=338  \\$avolume$bnc$2rdacarrier
=500  \\$aTitle on spreadsheet: "Marinha Portugeza no Tempo dos Francezes"
=500  \\$aLooseleaf Pamphlet.
=590  \\$aHorward Collection$9LOCAL
=700  1\$aBraz d'Oliveira, Joao
=936  1\$aHorward, Donald D.,$edonor$9LOCAL

