=LDR  00674nam a2200193Mi 4500
=008  \\\\\\s1918\\\\xx\\\\\\\\\\\\000\0\\\\\d
=040  \\$aFDA$beng$cFDA
=035  \\$a(FSUSCA)Horward_Row_4_Section_8_2649
=245  00$aMarshal Murat /$cHilliard Atteridge
=264  \1$a[Place of publication not identified] :$bNelson and Sons,$c1918
=300  \\$avolume
=336  \\$atext$btxt$2rdacontent
=337  \\$aunmediated$bn$2rdamedia
=338  \\$avolume$bnc$2rdacarrier
=500  \\$aTitle on spreadsheet: "Marshal Murat"
=500  \\$aWrapped in white tissue paper with "Liste".
=590  \\$aHorward Collection$9LOCAL
=700  1\$aAtteridge, Hilliard
=936  1\$aHorward, Donald D.,$edonor$9LOCAL

