=LDR  00617nam a2200181Mi 4500
=008  \\\\\\s1972\\\\xx\\\\\\\\\\\\000\0\\\\\d
=040  \\$aFDA$beng$cFDA
=035  \\$a(FSUSCA)Horward_Row_2_Section_10_1766
=245  00$aMartello Towers /$cSheila Sutcliffe
=264  \1$a[Place of publication not identified] :$bDavid and Charles,$c1972
=300  \\$avolume
=336  \\$atext$btxt$2rdacontent
=337  \\$aunmediated$bn$2rdamedia
=338  \\$avolume$bnc$2rdacarrier
=500  \\$aTitle on spreadsheet: "Martello Towers"
=590  \\$aHorward Collection$9LOCAL
=700  1\$aSutcliffe, Sheila
=936  1\$aHorward, Donald D.,$edonor$9LOCAL

