=LDR  00771nam a2200181Mi 4500
=008  \\\\\\s2003\\\\xx\\\\\\\\\\\\000\0\\\\\d
=040  \\$aFDA$beng$cFDA
=035  \\$a(FSUSCA)Horward_Row_4_Section_5_2082
=245  00$aMartinique Under the Consulate and First Empire, Villaret-Joyeuse's Administration /$cKenneth Gregory Johnson
=264  \1$a[Place of publication not identified] :$bFlorida State University,$c2003
=300  \\$avolume
=336  \\$atext$btxt$2rdacontent
=337  \\$aunmediated$bn$2rdamedia
=338  \\$avolume$bnc$2rdacarrier
=500  \\$aTitle on spreadsheet: "Martinique Under the Consulate and First Empire: Villaret-Joyeuse's Administration"
=590  \\$aHorward Collection$9LOCAL
=700  1\$aJohnson, Kenneth Gregory
=936  1\$aHorward, Donald D.,$edonor$9LOCAL

