=LDR  00656nam a2200205Mi 4500
=008  \\\\\\s1947\\\\xx\\\\\\\\\\\\000\0\\\\\d
=040  \\$aFDA$beng$cFDA
=035  \\$a(FSUSCA)Horward_Row_2_Section_4_597
=245  00$aMassena /$cA. Augustin-Thierry
=264  \1$a[Place of publication not identified] :$bAlbin Michel,$c1947
=300  \\$avolume
=336  \\$atext$btxt$2rdacontent
=337  \\$aunmediated$bn$2rdamedia
=338  \\$avolume$bnc$2rdacarrier
=500  \\$aTitle on spreadsheet: "Massena"
=500  \\$aCustom binding.
=500  \\$aSigned.
=590  \\$aHorward Collection$9LOCAL
=700  1\$aAugustin-Thierry, A.
=936  1\$aHorward, Donald D.,$edonor$9LOCAL

