=LDR  00660nam a2200193Mi 4500
=008  \\\\\\s1926\\\\xx\\\\\\\\\\\\000\0\\\\\d
=040  \\$aFDA$beng$cFDA
=035  \\$a(FSUSCA)Horward_Row_2_Section_4_576
=245  00$aMassena et Sa Famille /$cPierre Sabor
=264  \1$a[Place of publication not identified] :$b[publisher not identified],$c1926
=300  \\$avolume
=336  \\$atext$btxt$2rdacontent
=337  \\$aunmediated$bn$2rdamedia
=338  \\$avolume$bnc$2rdacarrier
=500  \\$aTitle on spreadsheet: "Massena et Sa Famille"
=500  \\$aCustom binding.
=590  \\$aHorward Collection$9LOCAL
=700  1\$aSabor, Pierre
=936  1\$aHorward, Donald D.,$edonor$9LOCAL

