=LDR  00608nam a2200181Mi 4500
=008  \\\\\\s1934\\\\xx\\\\\\\\\\\\000\0\\\\\d
=040  \\$aFDA$beng$cFDA
=035  \\$a(FSUSCA)Horward_Row_4_Section_8_2639
=245  00$aMaurice de Saxe /$cGeneral Camon
=264  \1$a[Place of publication not identified] :$bBerger-Levrault,$c1934
=300  \\$avolume
=336  \\$atext$btxt$2rdacontent
=337  \\$aunmediated$bn$2rdamedia
=338  \\$avolume$bnc$2rdacarrier
=500  \\$aTitle on spreadsheet: "Maurice de Saxe"
=590  \\$aHorward Collection$9LOCAL
=700  1\$aCamon, General
=936  1\$aHorward, Donald D.,$edonor$9LOCAL

