=LDR  00653nam a2200193Mi 4500
=008  \\\\\\s1968\\\\xx\\\\\\\\\\\\000\0\\\\\d
=040  \\$aFDA$beng$cFDA
=035  \\$a(FSUSCA)Horward_Row_2_Section_10_1772
=245  00$aMedia and Revolution /$cJames A. Leith
=264  \1$a[Place of publication not identified] :$bThe Hunter Rose Company,$c1968
=300  \\$avolume
=336  \\$atext$btxt$2rdacontent
=337  \\$aunmediated$bn$2rdamedia
=338  \\$avolume$bnc$2rdacarrier
=500  \\$aTitle on spreadsheet: "Media and Revolution"
=500  \\$aSigned.
=590  \\$aHorward Collection$9LOCAL
=700  1\$aLeith, James A.
=936  1\$aHorward, Donald D.,$edonor$9LOCAL

