=LDR  00673nam a2200181Mi 4500
=008  \\\\\\s1964\\\\xx\\\\\\\\\\\\000\0\\\\\d
=040  \\$aFDA$beng$cFDA
=035  \\$a(FSUSCA)Horward_Row_4_Section_8_2574
=245  00$aMedical History of Napoleon Bonaparte /$cBenjamin S. Abeshouse
=264  \1$a[Place of publication not identified] :$bEaton Laboratories,$c1964
=300  \\$avolume
=336  \\$atext$btxt$2rdacontent
=337  \\$aunmediated$bn$2rdamedia
=338  \\$avolume$bnc$2rdacarrier
=500  \\$aTitle on spreadsheet: "A Medical History of Napoleon Bonaparte"
=590  \\$aHorward Collection$9LOCAL
=700  1\$aAbeshouse, Benjamin S.
=936  1\$aHorward, Donald D.,$edonor$9LOCAL

