=LDR  00655nam a2200193Mi 4500
=008  \\\\\\s1975\\\\xx\\\\\\\\\\\\000\0\\\\\d
=040  \\$aFDA$beng$cFDA
=035  \\$a(FSUSCA)Horward_Row_2_Section_9_1589
=245  00$aMedical revolution In France /$cDavid M. Mess
=264  \1$a[Place of publication not identified] :$bFlorida,$c1975
=300  \\$avolume
=336  \\$atext$btxt$2rdacontent
=337  \\$aunmediated$bn$2rdamedia
=338  \\$avolume$bnc$2rdacarrier
=500  \\$aTitle on spreadsheet: "Medical revolution In France"
=500  \\$aAutographed.
=590  \\$aHorward Collection$9LOCAL
=700  1\$aMess, David M.
=936  1\$aHorward, Donald D.,$edonor$9LOCAL

