=LDR  00700nam a2200193Mi 4500
=008  \\\\\\suuuu\\\\xx\\\\\\\\\\\\000\0\\\\\d
=040  \\$aFDA$beng$cFDA
=035  \\$a(FSUSCA)Horward_Row_2_Section_8_1340
=245  00$aMemoires, Un Aide de Camp de Napoleon /$cR. Simon
=264  \1$a[Place of publication not identified] :$bR. Simon,$c[date of publication not identified]
=300  \\$avolume
=336  \\$atext$btxt$2rdacontent
=337  \\$aunmediated$bn$2rdamedia
=338  \\$avolume$bnc$2rdacarrier
=500  \\$aTitle on spreadsheet: "Memoires: Un Aide de Camp de Napoleon "
=500  \\$aCustom binding.
=590  \\$aHorward Collection$9LOCAL
=700  1\$aSimon, R.
=936  1\$aHorward, Donald D.,$edonor$9LOCAL

