=LDR  00676nam a2200193Mi 4500
=008  \\\\\\s1965\\\\xx\\\\\\\\\\\\000\0\\\\\d
=040  \\$aFDA$beng$cFDA
=035  \\$a(FSUSCA)Horward_Row_4_Section_7_2472
=245  00$aMemoires D'Outre-Tombe /$cChateaubriand and Marc Boulouiseau
=264  \1$a[Place of publication not identified] :$bEditions Alpina,$c1965
=300  \\$avolume
=336  \\$atext$btxt$2rdacontent
=337  \\$aunmediated$bn$2rdamedia
=338  \\$avolume$bnc$2rdacarrier
=500  \\$aTitle on spreadsheet: "Memoires D'Outre-Tombe"
=590  \\$aHorward Collection$9LOCAL
=700  1\$aChateaubriand
=700  1\$aBoulouiseau, Marc
=936  1\$aHorward, Donald D.,$edonor$9LOCAL

