=LDR  00679nam a2200181Mi 4500
=008  \\\\\\suuuu\\\\xx\\\\\\\\\\\\000\0\\\\\d
=040  \\$aFDA$beng$cFDA
=035  \\$a(FSUSCA)Horward_Row_4_Section_7_2534
=245  00$aMemoires D'Outre-Tombe /$cFrancois Rene de Chateaubriand
=264  \1$a[Place of publication not identified] :$bNelson,$c[date of publication not identified]
=300  \\$avolume
=336  \\$atext$btxt$2rdacontent
=337  \\$aunmediated$bn$2rdamedia
=338  \\$avolume$bnc$2rdacarrier
=500  \\$aTitle on spreadsheet: "Memoires D'Outre-Tombe"
=590  \\$aHorward Collection$9LOCAL
=700  1\$ade Chateaubriand, Francois Rene
=936  1\$aHorward, Donald D.,$edonor$9LOCAL

