=LDR  00743nam a2200193Mi 4500
=008  \\\\\\s1928\\\\xx\\\\\\\\\\\\000\0\\\\\d
=040  \\$aFDA$beng$cFDA
=035  \\$a(FSUSCA)Horward_Row_2_Section_11_1872
=245  00$aMemoires de la Comtesse de Kielmannsegge sur Napoleon Ier$nVol. II /$cJoseph Delage
=264  \1$a[Place of publication not identified] :$bVictor Attinger,$c1928
=300  \\$avolume
=336  \\$atext$btxt$2rdacontent
=337  \\$aunmediated$bn$2rdamedia
=338  \\$avolume$bnc$2rdacarrier
=500  \\$aTitle on spreadsheet: "Memoires de la Comtesse de Kielmannsegge sur Napoleon Ier, Vol. II"
=500  \\$aCustom binding.
=590  \\$aHorward Collection$9LOCAL
=700  1\$aDelage, Joseph
=936  1\$aHorward, Donald D.,$edonor$9LOCAL

