=LDR  00744nam a2200181Mi 4500
=008  \\\\\\s1823\\\\xx\\\\\\\\\\\\000\0\\\\\d
=040  \\$aFDA$beng$cFDA
=035  \\$a(FSUSCA)Horward_Row_4_Section_6_2227
=245  00$aMemoires des Contemporains, pour Servir a L'Histoire De La Republique et de L'Empire
=264  \1$a[Place of publication not identified] :$bBossange Freres,$c1823
=300  \\$avolume
=336  \\$atext$btxt$2rdacontent
=337  \\$aunmediated$bn$2rdamedia
=338  \\$avolume$bnc$2rdacarrier
=500  \\$aTitle on spreadsheet: "Memoires des Contemporains, pour Servir a L'Histoire De La Republique et de L'Empire"
=500  \\$aMay contain custom binding.
=590  \\$aHorward Collection$9LOCAL
=936  1\$aHorward, Donald D.,$edonor$9LOCAL

