=LDR  00683nam a2200181Mi 4500
=008  \\\\\\s1910\\\\xx\\\\\\\\\\\\000\0\\\\\d
=040  \\$aFDA$beng$cFDA
=035  \\$a(FSUSCA)Horward_Row_2_Section_11_2015
=245  00$aMemoires du Commandant Persat (1806-1844) /$cGustave Schlumberger
=264  \1$a[Place of publication not identified] :$bE. Plon, Nourrit et Cie,$c1910
=300  \\$avolume
=336  \\$atext$btxt$2rdacontent
=337  \\$aunmediated$bn$2rdamedia
=338  \\$avolume$bnc$2rdacarrier
=500  \\$aTitle on spreadsheet: "Memoires du Commandant Persat (1806-1844)"
=590  \\$aHorward Collection$9LOCAL
=700  1\$aSchlumberger, Gustave
=936  1\$aHorward, Donald D.,$edonor$9LOCAL

