=LDR  00687nam a2200181Mi 4500
=008  \\\\\\s1996\\\\xx\\\\\\\\\\\\000\0\\\\\d
=040  \\$aFDA$beng$cFDA
=035  \\$a(FSUSCA)Horward_Row_2_Section_8_1313
=245  00$aMemoires du General Auguste Petiet, hussard de l'Empire /$cPreface by Jean Tulard
=264  \1$a[Place of publication not identified] :$bKronos,$c1996
=300  \\$avolume
=336  \\$atext$btxt$2rdacontent
=337  \\$aunmediated$bn$2rdamedia
=338  \\$avolume$bnc$2rdacarrier
=500  \\$aTitle on spreadsheet: "Memoires du General Auguste Petiet, hussard de l'Empire "
=590  \\$aHorward Collection$9LOCAL
=700  1\$aTulard, Jean
=936  1\$aHorward, Donald D.,$edonor$9LOCAL

