=LDR  00704nam a2200193Mi 4500
=008  \\\\\\s1895\\\\xx\\\\\\\\\\\\000\0\\\\\d
=040  \\$aFDA$beng$cFDA
=035  \\$a(FSUSCA)Horward_Row_2_Section_11_1903
=245  00$aMemoires du General Baron Roch Godart (1792-1815) /$cJ. B. Antoine
=264  \1$a[Place of publication not identified] :$bFlammarion,$c1895
=300  \\$avolume
=336  \\$atext$btxt$2rdacontent
=337  \\$aunmediated$bn$2rdamedia
=338  \\$avolume$bnc$2rdacarrier
=500  \\$aTitle on spreadsheet: "Memoires du General Baron Roch Godart (1792-1815)"
=500  \\$aCustom binding.
=590  \\$aHorward Collection$9LOCAL
=700  1\$aAntoine, J. B.
=936  1\$aHorward, Donald D.,$edonor$9LOCAL

