=LDR  00679nam a2200193Mi 4500
=008  \\\\\\s1891\\\\xx\\\\\\\\\\\\000\0\\\\\d
=040  \\$aFDA$beng$cFDA
=035  \\$a(FSUSCA)Horward_Row_2_Section_3_519
=245  00$aMemoires du General Bon de Marbot$nVol. III
=250  \\$a32nd 
=264  \1$a[Place of publication not identified] :$bE. Plon, Nourrit et Cie,$c1891
=300  \\$avolume
=336  \\$atext$btxt$2rdacontent
=337  \\$aunmediated$bn$2rdamedia
=338  \\$avolume$bnc$2rdacarrier
=500  \\$aTitle on spreadsheet: "Memoires du General Bon de Marbot, Vol. III"
=500  \\$aCustom binding.
=590  \\$aHorward Collection$9LOCAL
=936  1\$aHorward, Donald D.,$edonor$9LOCAL

