=LDR  00761nam a2200205Mi 4500
=008  \\\\\\s1893\\\\xx\\\\\\\\\\\\000\0\\\\\d
=040  \\$aFDA$beng$cFDA
=035  \\$a(FSUSCA)Horward_Row_2_Section_4_(Right)_674
=245  00$aMemoires du General Bon Thiebault (1769-1795)$nVol. I /$cFernand Calmettes
=250  \\$aThird
=264  \1$a[Place of publication not identified] :$bE. Plon, Nourrit et Cie,$c1893
=300  \\$avolume
=336  \\$atext$btxt$2rdacontent
=337  \\$aunmediated$bn$2rdamedia
=338  \\$avolume$bnc$2rdacarrier
=500  \\$aTitle on spreadsheet: "Memoires du General Bon Thiebault (1769-1795), Vol. I"
=500  \\$aCustom binding.
=590  \\$aHorward Collection$9LOCAL
=700  1\$aCalmettes, Fernand
=936  1\$aHorward, Donald D.,$edonor$9LOCAL

