=LDR  00765nam a2200205Mi 4500
=008  \\\\\\s1894\\\\xx\\\\\\\\\\\\000\0\\\\\d
=040  \\$aFDA$beng$cFDA
=035  \\$a(FSUSCA)Horward_Row_2_Section_4_(Right)_673
=245  00$aMemoires du General Bon Thiebault (1795-1799)$nVol. II /$cFernand Calmettes
=250  \\$aSeventh
=264  \1$a[Place of publication not identified] :$bE. Plon, Nourrit et Cie,$c1894
=300  \\$avolume
=336  \\$atext$btxt$2rdacontent
=337  \\$aunmediated$bn$2rdamedia
=338  \\$avolume$bnc$2rdacarrier
=500  \\$aTitle on spreadsheet: "Memoires du General Bon Thiebault (1795-1799), Vol. II"
=500  \\$aCustom binding.
=590  \\$aHorward Collection$9LOCAL
=700  1\$aCalmettes, Fernand
=936  1\$aHorward, Donald D.,$edonor$9LOCAL

