=LDR  00649nam a2200193Mi 4500
=008  \\\\\\s1934\\\\xx\\\\\\\\\\\\000\0\\\\\d
=040  \\$aFDA$beng$cFDA
=035  \\$a(FSUSCA)Horward_Row_2_Section_6_984
=245  00$aMemoires du General Hugo /$cEdmond Pilon
=264  \1$a[Place of publication not identified] :$bExcelsior,$c1934
=300  \\$avolume
=336  \\$atext$btxt$2rdacontent
=337  \\$aunmediated$bn$2rdamedia
=338  \\$avolume$bnc$2rdacarrier
=500  \\$aTitle on spreadsheet: "Memoires du General Hugo"
=500  \\$aCustom binding.
=590  \\$aHorward Collection$9LOCAL
=700  1\$aPilon, Edmond
=936  1\$aHorward, Donald D.,$edonor$9LOCAL

