=LDR  00702nam a2200181Mi 4500
=008  \\\\\\s1816\\\\xx\\\\\\\\\\\\000\0\\\\\d
=040  \\$aFDA$beng$cFDA
=035  \\$a(FSUSCA)Horward_Row_2_Section_4_570
=245  00$aMemoires Historiques sur La Revolution D'espagne
=264  \1$a[Place of publication not identified] :$b[publisher not identified],$c1816
=300  \\$avolume
=336  \\$atext$btxt$2rdacontent
=337  \\$aunmediated$bn$2rdamedia
=338  \\$avolume$bnc$2rdacarrier
=500  \\$aTitle on spreadsheet: "Memoires Historiques sur La Revolution D'espagne"
=500  \\$aFront cover and first page completely detached.
=590  \\$aHorward Collection$9LOCAL
=936  1\$aHorward, Donald D.,$edonor$9LOCAL

