=LDR  00721nam a2200181Mi 4500
=008  \\\\\\s1823\\\\xx\\\\\\\\\\\\000\0\\\\\d
=040  \\$aFDA$beng$cFDA
=035  \\$a(FSUSCA)Horward_Row_2_Section_6_911
=245  00$aMemoires Pour Servir A L'Histoire de France, Sous Napoleon$nVol. I /$cGeneral Gourgaud
=264  \1$a[Place of publication not identified] :$bFirmin Didot and Fils,$c1823
=300  \\$avolume
=336  \\$atext$btxt$2rdacontent
=337  \\$aunmediated$bn$2rdamedia
=338  \\$avolume$bnc$2rdacarrier
=500  \\$aTitle on spreadsheet: "Memoires Pour Servir A L'Histoire de France, Sous Napoleon, Vol. I"
=590  \\$aHorward Collection$9LOCAL
=700  1\$aGourgaud, General
=936  1\$aHorward, Donald D.,$edonor$9LOCAL

