=LDR  00717nam a2200205Mi 4500
=008  \\\\\\s1942\\\\xx\\\\\\\\\\\\000\0\\\\\d
=040  \\$aFDA$beng$cFDA
=035  \\$a(FSUSCA)Horward_Row_2_Section_3_437
=245  00$aMemoires sur la Revolution Le Consulat et L'Empire /$cRoederer
=250  \\$a4th
=264  \1$a[Place of publication not identified] :$bLibrairie Plon,$c1942
=300  \\$avolume
=336  \\$atext$btxt$2rdacontent
=337  \\$aunmediated$bn$2rdamedia
=338  \\$avolume$bnc$2rdacarrier
=500  \\$aTitle on spreadsheet: "Memoires sur la Revolution Le Consulat et L'Empire"
=500  \\$aCustom binding.
=590  \\$aHorward Collection$9LOCAL
=700  1\$aRoederer
=936  1\$aHorward, Donald D.,$edonor$9LOCAL

