=LDR  00736nam a2200181Mi 4500
=008  \\\\\\s1832\\\\xx\\\\\\\\\\\\000\0\\\\\d
=040  \\$aFDA$beng$cFDA
=035  \\$a(FSUSCA)Horward_Row_2_Section_8_1406
=245  00$aMemoire sur les Lignes de Torres Vedras, Eleves Pour Couvrir Lisbonne... /$cM. John T. Jones
=264  \1$a[Place of publication not identified] :$b[publisher not identified],$c1832
=300  \\$avolume
=336  \\$atext$btxt$2rdacontent
=337  \\$aunmediated$bn$2rdamedia
=338  \\$avolume$bnc$2rdacarrier
=500  \\$aTitle on spreadsheet: "Memoire sur les Lignes de Torres Vedras, Eleves Pour Couvrir Lisbonne..."
=590  \\$aHorward Collection$9LOCAL
=700  1\$aJones, John T.
=936  1\$aHorward, Donald D.,$edonor$9LOCAL

