=LDR  00681nam a2200181Mi 4500
=008  \\\\\\s2003\\\\xx\\\\\\\\\\\\000\0\\\\\d
=040  \\$aFDA$beng$cFDA
=035  \\$a(FSUSCA)Horward_Row_2_Section_8_1321
=245  00$aMemoire sur ma Campagne du Portugal 1810-1811
=264  \1$a[Place of publication not identified] :$bEditions Historiques Teissedre,$c2003
=300  \\$avolume
=336  \\$atext$btxt$2rdacontent
=337  \\$aunmediated$bn$2rdamedia
=338  \\$avolume$bnc$2rdacarrier
=500  \\$aTitle on spreadsheet: "Memoire sur ma Campagne du Portugal 1810-1811"
=590  \\$aHorward Collection$9LOCAL
=700  1\$aGeneral baron Pelet-Clozeau
=936  1\$aHorward, Donald D.,$edonor$9LOCAL

