=LDR  00759nam a2200181Mi 4500
=008  \\\\\\s1846\\\\xx\\\\\\\\\\\\000\0\\\\\d
=040  \\$aFDA$beng$cFDA
=035  \\$a(FSUSCA)Horward_Row_2_Section_11_1989
=245  00$aMemoirs and Correspondence of the Most Noble Richard Marquess Wellesley$nVol. I /$cRobert Rouiere Pearce, Esq.
=264  \1$a[Place of publication not identified] :$bRichard Bentley,$c1846
=300  \\$avolume
=336  \\$atext$btxt$2rdacontent
=337  \\$aunmediated$bn$2rdamedia
=338  \\$avolume$bnc$2rdacarrier
=500  \\$aTitle on spreadsheet: "Memoirs and Correspondence of the Most Noble Richard Marquess Wellesley, Vol. I"
=590  \\$aHorward Collection$9LOCAL
=700  1\$aPearce, Robert Rouiere
=936  1\$aHorward, Donald D.,$edonor$9LOCAL

