=LDR  00672nam a2200193Mi 4500
=008  \\\\\\s1944\\\\xx\\\\\\\\\\\\000\0\\\\\d
=040  \\$aFDA$beng$cFDA
=035  \\$a(FSUSCA)Horward_Row_2_Section_3_449
=245  00$aMemoirs I-II, Memoires de Joseph Fouche /$cFouche
=264  \1$a[Place of publication not identified] :$bFrance Editions,$c1944
=300  \\$avolume
=336  \\$atext$btxt$2rdacontent
=337  \\$aunmediated$bn$2rdamedia
=338  \\$avolume$bnc$2rdacarrier
=500  \\$aTitle on spreadsheet: "Memoirs I-II: Memoires de Joseph Fouche"
=500  \\$aCustom binding.
=590  \\$aHorward Collection$9LOCAL
=700  1\$aFouche
=936  1\$aHorward, Donald D.,$edonor$9LOCAL

