=LDR  00679nam a2200193Mi 4500
=008  \\\\\\s1881\\\\xx\\\\\\\\\\\\000\0\\\\\d
=040  \\$aFDA$beng$cFDA
=035  \\$a(FSUSCA)Horward_Row_2_Section_9_1459
=245  00$aMemoirs of Count Miot de Melito /$cGeneral Fleischmann
=250  \\$aAmerican Edition
=264  \1$a[Place of publication not identified] :$bScribners,$c1881
=300  \\$avolume
=336  \\$atext$btxt$2rdacontent
=337  \\$aunmediated$bn$2rdamedia
=338  \\$avolume$bnc$2rdacarrier
=500  \\$aTitle on spreadsheet: "Memoirs of Count Miot de Melito"
=590  \\$aHorward Collection$9LOCAL
=700  1\$aFleischmann, General
=936  1\$aHorward, Donald D.,$edonor$9LOCAL

