=LDR  00704nam a2200193Mi 4500
=008  \\\\\\s1971\\\\xx\\\\\\\\\\\\000\0\\\\\d
=040  \\$aFDA$beng$cFDA
=035  \\$a(FSUSCA)Horward_Row_2_Section_10_1689
=245  00$aMemoirs of Madame de La Tour du Pin /$cFelice Harcourt and Peter Gay
=264  \1$a[Place of publication not identified] :$bMcCall Publishing Company,$c1971
=300  \\$avolume
=336  \\$atext$btxt$2rdacontent
=337  \\$aunmediated$bn$2rdamedia
=338  \\$avolume$bnc$2rdacarrier
=500  \\$aTitle on spreadsheet: "Memoirs of Madame de La Tour du Pin"
=590  \\$aHorward Collection$9LOCAL
=700  1\$aHarcourt, Felice
=700  1\$aGay, Peter
=936  1\$aHorward, Donald D.,$edonor$9LOCAL

