=LDR  00687nam a2200181Mi 4500
=008  \\\\\\suuuu\\\\xx\\\\\\\\\\\\000\0\\\\\d
=040  \\$aFDA$beng$cFDA
=035  \\$a(FSUSCA)Horward_Row_2_Section_6_1029
=245  00$aMemoirs of Madame Junot$nVol. I /$cDuchesse D'Abrantes
=264  \1$a[Place of publication not identified] :$bThe Grolier Society,$c[date of publication not identified]
=300  \\$avolume
=336  \\$atext$btxt$2rdacontent
=337  \\$aunmediated$bn$2rdamedia
=338  \\$avolume$bnc$2rdacarrier
=500  \\$aTitle on spreadsheet: "Memoirs of Madame Junot, Vol. I"
=590  \\$aHorward Collection$9LOCAL
=700  1\$aDuchesse D'Abrantes
=936  1\$aHorward, Donald D.,$edonor$9LOCAL

