=LDR  00654nam a2200181Mi 4500
=008  \\\\\\s1978\\\\xx\\\\\\\\\\\\000\0\\\\\d
=040  \\$aFDA$beng$cFDA
=035  \\$a(FSUSCA)Horward_Row_2_Section_2_353
=245  00$aMemoirs of my Life /$cPierre Clement de Laussat
=264  \1$a[Place of publication not identified] :$bLouisiana State University Press,$c1978
=300  \\$avolume
=336  \\$atext$btxt$2rdacontent
=337  \\$aunmediated$bn$2rdamedia
=338  \\$avolume$bnc$2rdacarrier
=500  \\$aTitle on spreadsheet: "Memoirs of my Life"
=590  \\$aHorward Collection$9LOCAL
=700  1\$ade Laussat, Pierre Clement
=936  1\$aHorward, Donald D.,$edonor$9LOCAL

