=LDR  00686nam a2200181Mi 4500
=008  \\\\\\s1926\\\\xx\\\\\\\\\\\\000\0\\\\\d
=040  \\$aFDA$beng$cFDA
=035  \\$a(FSUSCA)Horward_Row_2_Section_8_1438
=245  00$aMemoirs of Sergeant Bourgogne (1812-1813) /$c(introduction by ) J.W. Fortescue
=264  \1$a[Place of publication not identified] :$bPeter Davies Limited,$c1926
=300  \\$avolume
=336  \\$atext$btxt$2rdacontent
=337  \\$aunmediated$bn$2rdamedia
=338  \\$avolume$bnc$2rdacarrier
=500  \\$aTitle on spreadsheet: "Memoirs of Sergeant Bourgogne (1812-1813)"
=590  \\$aHorward Collection$9LOCAL
=700  1\$aFortescue, J.W.
=936  1\$aHorward, Donald D.,$edonor$9LOCAL

