=LDR  00900nam a2200193Mi 4500
=008  \\\\\\s1900\\\\xx\\\\\\\\\\\\000\0\\\\\d
=040  \\$aFDA$beng$cFDA
=035  \\$a(FSUSCA)Horward_Row_2_Section_8_1320
=245  00$aMemoirs of the Court of the Empress Josephine Being the Secret Memoirs of Madame Ducrest$nVolume 2 /$cEmpress Josephine
=264  \1$a[Place of publication not identified] :$bL.C. Page and Company,$c1900
=300  \\$avolume
=336  \\$atext$btxt$2rdacontent
=337  \\$aunmediated$bn$2rdamedia
=338  \\$avolume$bnc$2rdacarrier
=500  \\$aTitle on spreadsheet: "Memoirs of the Court of the Empress Josephine Being the Secret Memoirs of Madame Ducrest Volume 2"
=500  \\$aMemoirs of the Court of the Empress Josephine Being the Secret Memoirs of Madame Ducrest Volume 2
=590  \\$aHorward Collection$9LOCAL
=700  1\$aEmpress Josephine
=936  1\$aHorward, Donald D.,$edonor$9LOCAL

