=LDR  00695nam a2200193Mi 4500
=008  \\\\\\s1912\\\\xx\\\\\\\\\\\\000\0\\\\\d
=040  \\$aFDA$beng$cFDA
=035  \\$a(FSUSCA)Horward_Row_4_Section_7_2468
=245  00$aMemoirs of the Marquise de Custine /$cGaston Maugras and P. de Croze
=264  \1$a[Place of publication not identified] :$bWilliam Heinemann,$c1912
=300  \\$avolume
=336  \\$atext$btxt$2rdacontent
=337  \\$aunmediated$bn$2rdamedia
=338  \\$avolume$bnc$2rdacarrier
=500  \\$aTitle on spreadsheet: "Memoirs of the Marquise de Custine"
=590  \\$aHorward Collection$9LOCAL
=700  1\$aMaugras, Gaston
=700  1\$aCroze, P. de
=936  1\$aHorward, Donald D.,$edonor$9LOCAL

