=LDR  00727nam a2200181Mi 4500
=008  \\\\\\s1934\\\\xx\\\\\\\\\\\\000\0\\\\\d
=040  \\$aFDA$beng$cFDA
=035  \\$a(FSUSCA)Horward_Row_4_Section_7_2465
=245  00$aMemoirs of the Private Life of Marie Antoinette$nVol. I /$cJeanne Louise Henriette Campan
=264  \1$a[Place of publication not identified] :$bTudor Publishing Co.,$c1934
=300  \\$avolume
=336  \\$atext$btxt$2rdacontent
=337  \\$aunmediated$bn$2rdamedia
=338  \\$avolume$bnc$2rdacarrier
=500  \\$aTitle on spreadsheet: "Memoirs of the Private Life of Marie Antoinette, Vol. I"
=590  \\$aHorward Collection$9LOCAL
=700  1\$aCampan, Jeanne Louise Henriette
=936  1\$aHorward, Donald D.,$edonor$9LOCAL

