=LDR  00698nam a2200181Mi 4500
=008  \\\\\\suuuu\\\\xx\\\\\\\\\\\\000\0\\\\\d
=040  \\$aFDA$beng$cFDA
=035  \\$a(FSUSCA)Horward_Row_2_Section_6_1065
=245  00$aMemoirs of the Reign of Robespierre /$cHelen Maria Williams
=264  \1$a[Place of publication not identified] :$bJohn Hamilton, Ltd.,$c[date of publication not identified]
=300  \\$avolume
=336  \\$atext$btxt$2rdacontent
=337  \\$aunmediated$bn$2rdamedia
=338  \\$avolume$bnc$2rdacarrier
=500  \\$aTitle on spreadsheet: "Memoirs of the Reign of Robespierre"
=590  \\$aHorward Collection$9LOCAL
=700  1\$aWilliams, Helen Maria
=936  1\$aHorward, Donald D.,$edonor$9LOCAL

