=LDR  00687nam a2200181Mi 4500
=008  \\\\\\s1841\\\\xx\\\\\\\\\\\\000\0\\\\\d
=040  \\$aFDA$beng$cFDA
=035  \\$a(FSUSCA)Horward_Row_4_Section_7_2338
=245  00$aMemoirs of the War in Spain and France from 1808 to 1814 /$cJames Wyld
=264  \1$a[Place of publication not identified] :$bW. Clowes and Sons,$c1841
=300  \\$avolume
=336  \\$atext$btxt$2rdacontent
=337  \\$aunmediated$bn$2rdamedia
=338  \\$avolume$bnc$2rdacarrier
=500  \\$aTitle on spreadsheet: "Memoirs of the War in Spain and France from 1808 to 1814"
=590  \\$aHorward Collection$9LOCAL
=700  1\$aWyld, James
=936  1\$aHorward, Donald D.,$edonor$9LOCAL

