=LDR  00712nam a2200181Mi 4500
=008  \\\\\\s1883\\\\xx\\\\\\\\\\\\000\0\\\\\d
=040  \\$aFDA$beng$cFDA
=035  \\$a(FSUSCA)Horward_Row_2_Section_10_1790
=245  00$aMemoria Biographica do Coronel F. Bernando da Costa e Almeida /$cJoao da Silva Mendes
=264  \1$a[Place of publication not identified] :$bAntonio Jose,$c1883
=300  \\$avolume
=336  \\$atext$btxt$2rdacontent
=337  \\$aunmediated$bn$2rdamedia
=338  \\$avolume$bnc$2rdacarrier
=500  \\$aTitle on spreadsheet: "Memoria Biographica do Coronel F. Bernando da Costa e Almeida"
=590  \\$aHorward Collection$9LOCAL
=700  1\$ada Silva Mendes, Joao
=936  1\$aHorward, Donald D.,$edonor$9LOCAL

