=LDR  00721nam a2200181Mi 4500
=008  \\\\\\s1971\\\\xx\\\\\\\\\\\\000\0\\\\\d
=040  \\$aFDA$beng$cFDA
=035  \\$a(FSUSCA)Horward_Row_4_Section_6_2271
=245  00$aMemorias Politicas, Geograficas E Militares de Portugal (1762-1796) /$cAntonio Pedro Vincente
=264  \1$a[Place of publication not identified] :$bLisboa,$c1971
=300  \\$avolume
=336  \\$atext$btxt$2rdacontent
=337  \\$aunmediated$bn$2rdamedia
=338  \\$avolume$bnc$2rdacarrier
=500  \\$aTitle on spreadsheet: "Memorias Politicas, Geograficas E Militares de Portugal (1762-1796)"
=590  \\$aHorward Collection$9LOCAL
=700  1\$aVincente, Antonio Pedro
=936  1\$aHorward, Donald D.,$edonor$9LOCAL

