=LDR  00680nam a2200181Mi 4500
=008  \\\\\\s2007\\\\xx\\\\\\\\\\\\000\0\\\\\d
=040  \\$aFDA$beng$cFDA
=035  \\$a(FSUSCA)Horward_Row_2_Section_8_1276
=245  00$aMen of Steel, surgery in the Napoleonic Wars /$cMichael Crumplin Frcs
=264  \1$a[Place of publication not identified] :$bQuiller Press,$c2007
=300  \\$avolume
=336  \\$atext$btxt$2rdacontent
=337  \\$aunmediated$bn$2rdamedia
=338  \\$avolume$bnc$2rdacarrier
=500  \\$aTitle on spreadsheet: "Men of Steel: surgery in the Napoleonic Wars"
=590  \\$aHorward Collection$9LOCAL
=700  1\$aFrcs, Michael Crumplin
=936  1\$aHorward, Donald D.,$edonor$9LOCAL

