=LDR  00614nam a2200181Mi 4500
=008  \\\\\\s1967\\\\xx\\\\\\\\\\\\000\0\\\\\d
=040  \\$aFDA$beng$cFDA
=035  \\$a(FSUSCA)Horward_Row_4_Section_8_2581
=245  00$aMen of Waterloo /$cJohn Sutherland
=264  \1$a[Place of publication not identified] :$bPrentice Hall Inc,$c1967
=300  \\$avolume
=336  \\$atext$btxt$2rdacontent
=337  \\$aunmediated$bn$2rdamedia
=338  \\$avolume$bnc$2rdacarrier
=500  \\$aTitle on spreadsheet: "Men of Waterloo"
=590  \\$aHorward Collection$9LOCAL
=700  1\$aSutherland, John
=936  1\$aHorward, Donald D.,$edonor$9LOCAL

