=LDR  00660nam a2200181Mi 4500
=008  \\\\\\s1962\\\\xx\\\\\\\\\\\\000\0\\\\\d
=040  \\$aFDA$beng$cFDA
=035  \\$a(FSUSCA)Horward_Row_2_Section_2_207
=245  00$aMetternich and his Times /$cG. de Bertier de Sauvigny
=264  \1$a[Place of publication not identified] :$bDarton, Longman, and Todd,$c1962
=300  \\$avolume
=336  \\$atext$btxt$2rdacontent
=337  \\$aunmediated$bn$2rdamedia
=338  \\$avolume$bnc$2rdacarrier
=500  \\$aTitle on spreadsheet: "Metternich and his Times "
=590  \\$aHorward Collection$9LOCAL
=700  1\$ade Bertier de Sauvigny, G.
=936  1\$aHorward, Donald D.,$edonor$9LOCAL

