=LDR  00717nam a2200181Mi 4500
=008  \\\\\\s1994\\\\xx\\\\\\\\\\\\000\0\\\\\d
=040  \\$aFDA$beng$cFDA
=035  \\$a(FSUSCA)Horward_Row_4_Section_5_2132
=245  00$aMilitary and Diplomatic Career of Marshal Jean Lannes /$cMargaret Scott Chrisawn
=264  \1$a[Place of publication not identified] :$bFlorida State University,$c1994
=300  \\$avolume
=336  \\$atext$btxt$2rdacontent
=337  \\$aunmediated$bn$2rdamedia
=338  \\$avolume$bnc$2rdacarrier
=500  \\$aTitle on spreadsheet: "The Military and Diplomatic Career of Marshal Jean Lannes"
=590  \\$aHorward Collection$9LOCAL
=700  1\$aChrisawn, Margaret Scott
=936  1\$aHorward, Donald D.,$edonor$9LOCAL

