=LDR  00684nam a2200181Mi 4500
=008  \\\\\\s1994\\\\xx\\\\\\\\\\\\000\0\\\\\d
=040  \\$aFDA$beng$cFDA
=035  \\$a(FSUSCA)Horward_Row_2_Section_12_2051
=245  00$aMilitary and Diplomatic Defeat of Napoleon /$cHarold D. Blanton
=264  \1$a[Place of publication not identified] :$bFlorida State University,$c1994
=300  \\$avolume
=336  \\$atext$btxt$2rdacontent
=337  \\$aunmediated$bn$2rdamedia
=338  \\$avolume$bnc$2rdacarrier
=500  \\$aTitle on spreadsheet: "The Military and Diplomatic Defeat of Napoleon"
=590  \\$aHorward Collection$9LOCAL
=700  1\$aBlanton, Harold D.
=936  1\$aHorward, Donald D.,$edonor$9LOCAL

