=LDR  00691nam a2200181Mi 4500
=008  \\\\\\s1994\\\\xx\\\\\\\\\\\\000\0\\\\\d
=040  \\$aFDA$beng$cFDA
=035  \\$a(FSUSCA)Horward_Row_4_Section_5_2064
=245  00$aMilitary and Political Career of Jerome Bonaparte /$cGlenn J. Lamar
=264  \1$a[Place of publication not identified] :$bFlorida State University,$c1994
=300  \\$avolume
=336  \\$atext$btxt$2rdacontent
=337  \\$aunmediated$bn$2rdamedia
=338  \\$avolume$bnc$2rdacarrier
=500  \\$aTitle on spreadsheet: "The Military and Political Career of Jerome Bonaparte"
=590  \\$aHorward Collection$9LOCAL
=700  1\$aLamar, Glenn J.
=936  1\$aHorward, Donald D.,$edonor$9LOCAL

