=LDR  00713nam a2200181Mi 4500
=008  \\\\\\s1965\\\\xx\\\\\\\\\\\\000\0\\\\\d
=040  \\$aFDA$beng$cFDA
=035  \\$a(FSUSCA)Horward_Row_4_Section_5_2090
=245  00$aMilitary Career of Auguste-Francois-Marie Colbert-Chabanais /$cJeanne A. Ojala
=264  \1$a[Place of publication not identified] :$bFlorida State University,$c1965
=300  \\$avolume
=336  \\$atext$btxt$2rdacontent
=337  \\$aunmediated$bn$2rdamedia
=338  \\$avolume$bnc$2rdacarrier
=500  \\$aTitle on spreadsheet: "The Military Career of Auguste-Francois-Marie Colbert-Chabanais"
=590  \\$aHorward Collection$9LOCAL
=700  1\$aOjala, Jeanne A.
=936  1\$aHorward, Donald D.,$edonor$9LOCAL

