=LDR  00716nam a2200181Mi 4500
=008  \\\\\\s1974\\\\xx\\\\\\\\\\\\000\0\\\\\d
=040  \\$aFDA$beng$cFDA
=035  \\$a(FSUSCA)Horward_Row_2_Section_12_2036
=245  00$aMilitary Career of General Jean Baptiste Drouet, Comte D'Erlon /$cPaul B. Maini
=264  \1$a[Place of publication not identified] :$bFlorida State University,$c1974
=300  \\$avolume
=336  \\$atext$btxt$2rdacontent
=337  \\$aunmediated$bn$2rdamedia
=338  \\$avolume$bnc$2rdacarrier
=500  \\$aTitle on spreadsheet: "The Military Career of General Jean Baptiste Drouet, Comte D'Erlon"
=590  \\$aHorward Collection$9LOCAL
=700  1\$aMaini, Paul B.
=936  1\$aHorward, Donald D.,$edonor$9LOCAL

