=LDR  00750nam a2200181Mi 4500
=008  \\\\\\s1969\\\\xx\\\\\\\\\\\\000\0\\\\\d
=040  \\$aFDA$beng$cFDA
=035  \\$a(FSUSCA)Horward_Row_2_Section_12_2042
=245  00$aMilitary Career of Jean-Louis Ebenezer Reynier, Holland to Portugal /$cMilton Collins Finley Jr.
=264  \1$a[Place of publication not identified] :$bFlorida State University,$c1969
=300  \\$avolume
=336  \\$atext$btxt$2rdacontent
=337  \\$aunmediated$bn$2rdamedia
=338  \\$avolume$bnc$2rdacarrier
=500  \\$aTitle on spreadsheet: "The Military Career of Jean-Louis Ebenezer Reynier: Holland to Portugal"
=590  \\$aHorward Collection$9LOCAL
=700  1\$aMilton, Collins Finley Jr.
=936  1\$aHorward, Donald D.,$edonor$9LOCAL

