=LDR  00841nam a2200181Mi 4500
=008  \\\\\\s1965\\\\xx\\\\\\\\\\\\000\0\\\\\d
=040  \\$aFDA$beng$cFDA
=035  \\$a(FSUSCA)Horward_Row_4_Section_7_2330
=245  00$aMilitary History and Atlas of The Napoleonic Wars /$c(compiled by) The Department of Military Art and Engineering and the United States Military Academy
=264  \1$a[Place of publication not identified] :$bFrederick A. Praeger,$c1965
=300  \\$avolume
=336  \\$atext$btxt$2rdacontent
=337  \\$aunmediated$bn$2rdamedia
=338  \\$avolume$bnc$2rdacarrier
=500  \\$aTitle on spreadsheet: "A Military History and Atlas of The Napoleonic Wars "
=590  \\$aHorward Collection$9LOCAL
=710  2\$aThe Department of Military Art and Engineering and the United States Military Academy
=936  1\$aHorward, Donald D.,$edonor$9LOCAL

