=LDR  00721nam a2200193Mi 4500
=008  \\\\\\s1830\\\\xx\\\\\\\\\\\\000\0\\\\\d
=040  \\$aFDA$beng$cFDA
=035  \\$a(FSUSCA)Horward_Row_2_Section_6_910
=245  00$aMilitary Memoirs of the Duke of Wellington$nVol. I /$cCaptain Moyle Sherer
=264  \1$a[Place of publication not identified] :$bLongman, Rees and Co.,$c1830
=300  \\$avolume
=336  \\$atext$btxt$2rdacontent
=337  \\$aunmediated$bn$2rdamedia
=338  \\$avolume$bnc$2rdacarrier
=500  \\$aTitle on spreadsheet: "Military Memoirs of the Duke of Wellington, Vol. I"
=500  \\$aCustom binding.
=590  \\$aHorward Collection$9LOCAL
=700  1\$aSherer, Moyle
=936  1\$aHorward, Donald D.,$edonor$9LOCAL

