=LDR  00728nam a2200181Mi 4500
=008  \\\\\\s1968\\\\xx\\\\\\\\\\\\000\0\\\\\d
=040  \\$aFDA$beng$cFDA
=035  \\$a(FSUSCA)Horward_Row_2_Section_9_1502
=245  00$aMilitary Uniforms One The Imperial Guard of Napoleon Bonaparte /$cLohse, Grossbetrieb, Frankfurt am Main
=264  \1$a[Place of publication not identified] :$bAriel Press,$c1968
=300  \\$avolume
=336  \\$atext$btxt$2rdacontent
=337  \\$aunmediated$bn$2rdamedia
=338  \\$avolume$bnc$2rdacarrier
=500  \\$aTitle on spreadsheet: "Military Uniforms One The Imperial Guard of Napoleon Bonaparte"
=590  \\$aHorward Collection$9LOCAL
=700  1\$aLohse, Grossbetrieb
=936  1\$aHorward, Donald D.,$edonor$9LOCAL

