=LDR  00692nam a2200193Mi 4500
=008  \\\\\\s1954\\\\xx\\\\\\\\\\\\000\0\\\\\d
=040  \\$aFDA$beng$cFDA
=035  \\$a(FSUSCA)Horward_Row_2_Section_3_473
=245  00$aMonge Le Savant Ami de Napoleon Bonaparte /$cPaul V. Aubry
=264  \1$a[Place of publication not identified] :$bGauthier-Villars,$c1954
=300  \\$avolume
=336  \\$atext$btxt$2rdacontent
=337  \\$aunmediated$bn$2rdamedia
=338  \\$avolume$bnc$2rdacarrier
=500  \\$aTitle on spreadsheet: "Monge Le Savant Ami de Napoleon Bonaparte"
=500  \\$aCustom binding.
=590  \\$aHorward Collection$9LOCAL
=700  1\$aAubry, Paul V.
=936  1\$aHorward, Donald D.,$edonor$9LOCAL

