=LDR  00619nam a2200181Mi 4500
=008  \\\\\\s1995\\\\xx\\\\\\\\\\\\000\0\\\\\d
=040  \\$aFDA$beng$cFDA
=035  \\$a(FSUSCA)Horward_Row_2_Section_11_1999
=245  00$aMonsieur d'Eon is a Woman /$cGary Kates
=264  \1$a[Place of publication not identified] :$bBasic Books,$c1995
=300  \\$avolume
=336  \\$atext$btxt$2rdacontent
=337  \\$aunmediated$bn$2rdamedia
=338  \\$avolume$bnc$2rdacarrier
=500  \\$aTitle on spreadsheet: "Monsieur d'Eon is a Woman"
=590  \\$aHorward Collection$9LOCAL
=700  1\$aKates, Gary
=936  1\$aHorward, Donald D.,$edonor$9LOCAL

