=LDR  00622nam a2200181Mi 4500
=008  \\\\\\s1964\\\\xx\\\\\\\\\\\\000\0\\\\\d
=040  \\$aFDA$beng$cFDA
=035  \\$a(FSUSCA)Horward_Row_2_Section_1_59
=245  00$aMonsieur de la Bonaparte /$cRoux, Georges
=264  \1$a[Place of publication not identified] :$bArtheme Fayard,$c1964
=300  \\$avolume
=336  \\$atext$btxt$2rdacontent
=337  \\$aunmediated$bn$2rdamedia
=338  \\$avolume$bnc$2rdacarrier
=500  \\$aTitle on spreadsheet: "Monsieur de la Bonaparte"
=590  \\$aHorward Collection$9LOCAL
=700  1\$aRoux, Georges
=936  1\$aHorward, Donald D.,$edonor$9LOCAL

