=LDR  00688nam a2200193Mi 4500
=008  \\\\\\s2004\\\\xx\\\\\\\\\\\\000\0\\\\\d
=040  \\$aFDA$beng$cFDA
=035  \\$a(FSUSCA)Horward_Row_4_Section_7_2385
=245  00$aMoscow, 1812, Napoleon's Fatal March /$cAdam Zamoyski
=264  \1$a[Place of publication not identified] :$bHarper Collins,$c2004
=300  \\$avolume
=336  \\$atext$btxt$2rdacontent
=337  \\$aunmediated$bn$2rdamedia
=338  \\$avolume$bnc$2rdacarrier
=500  \\$aTitle on spreadsheet: "Moscow, 1812: Napoleon's Fatal March"
=500  \\$aLetter from publisher.
=590  \\$aHorward Collection$9LOCAL
=700  1\$aZamoyski, Adam
=936  1\$aHorward, Donald D.,$edonor$9LOCAL

