=LDR  00698nam a2200193Mi 4500
=008  \\\\\\s1897\\\\xx\\\\\\\\\\\\000\0\\\\\d
=040  \\$aFDA$beng$cFDA
=035  \\$a(FSUSCA)Horward_Row_2_Section_3_555
=245  00$aMurat, Lieutenant de L'Empereur en Espagne, 1808
=264  \1$a[Place of publication not identified] :$bE. Plon, Nourrit et Cie,$c1897
=300  \\$avolume
=336  \\$atext$btxt$2rdacontent
=337  \\$aunmediated$bn$2rdamedia
=338  \\$avolume$bnc$2rdacarrier
=500  \\$aTitle on spreadsheet: "Murat: Lieutenant de L'Empereur en Espagne, 1808"
=500  \\$aCustom binding.
=590  \\$aHorward Collection$9LOCAL
=700  1\$aLe Comte Murat
=936  1\$aHorward, Donald D.,$edonor$9LOCAL

