=LDR  00623nam a2200181Mi 4500
=008  \\\\\\s1959\\\\xx\\\\\\\\\\\\000\0\\\\\d
=040  \\$aFDA$beng$cFDA
=035  \\$a(FSUSCA)Horward_Row_2_Section_2_206
=245  00$aMurat Roi de Naples /$cJean Paul Garnier
=264  \1$a[Place of publication not identified] :$bLibrairie Plon,$c1959
=300  \\$avolume
=336  \\$atext$btxt$2rdacontent
=337  \\$aunmediated$bn$2rdamedia
=338  \\$avolume$bnc$2rdacarrier
=500  \\$aTitle on spreadsheet: "Murat Roi de Naples "
=590  \\$aHorward Collection$9LOCAL
=700  1\$aGarnier, Jean Paul
=936  1\$aHorward, Donald D.,$edonor$9LOCAL

