=LDR  00723nam a2200205Mi 4500
=008  \\\\\\suuuu\\\\xx\\\\\\\\\\\\000\0\\\\\d
=040  \\$aFDA$beng$cFDA
=035  \\$a(FSUSCA)Horward_Row_2_Section_10_1683
=245  00$aMusee Napoleon /$cJacon Hugentobler and Bruno Meyer
=264  \1$a[Place of publication not identified] :$bChateau D'Arenenberg,$c[date of publication not identified]
=300  \\$avolume
=336  \\$atext$btxt$2rdacontent
=337  \\$aunmediated$bn$2rdamedia
=338  \\$avolume$bnc$2rdacarrier
=500  \\$aTitle on spreadsheet: "Musee Napoleon"
=500  \\$aPamphlet.
=590  \\$aHorward Collection$9LOCAL
=700  1\$aHugentobler, Jacon
=700  1\$aMeyer, Bruno
=936  1\$aHorward, Donald D.,$edonor$9LOCAL

