=LDR  00684nam a2200193Mi 4500
=008  \\\\\\s1928\\\\xx\\\\\\\\\\\\000\0\\\\\d
=040  \\$aFDA$beng$cFDA
=035  \\$a(FSUSCA)Horward_Row_2_Section_11_1836
=245  00$aMy Friend Robespierre /$cHenri Beraud (tranlsated by Slater Brown)
=264  \1$a[Place of publication not identified] :$bThe Macaulay Company,$c1928
=300  \\$avolume
=336  \\$atext$btxt$2rdacontent
=337  \\$aunmediated$bn$2rdamedia
=338  \\$avolume$bnc$2rdacarrier
=500  \\$aTitle on spreadsheet: "My Friend Robespierre "
=590  \\$aHorward Collection$9LOCAL
=700  1\$aBeraud, Henri
=700  1\$aBrown, Slater
=936  1\$aHorward, Donald D.,$edonor$9LOCAL

