=LDR  00723nam a2200181Mi 4500
=008  \\\\\\s1989\\\\xx\\\\\\\\\\\\000\0\\\\\d
=040  \\$aFDA$beng$cFDA
=035  \\$a(FSUSCA)Horward_Row_2_Section_11_1889
=245  00$aMyth of a Nation, Literature and Politics in Prussia under Napoleon /$cOtto W. Johnstonn
=264  \1$a[Place of publication not identified] :$bCamden House,$c1989
=300  \\$avolume
=336  \\$atext$btxt$2rdacontent
=337  \\$aunmediated$bn$2rdamedia
=338  \\$avolume$bnc$2rdacarrier
=500  \\$aTitle on spreadsheet: "The Myth of a Nation: Literature and Politics in Prussia under Napoleon "
=590  \\$aHorward Collection$9LOCAL
=700  1\$aJohnstonn, Otto W.
=936  1\$aHorward, Donald D.,$edonor$9LOCAL

