=LDR  00628nam a2200181Mi 4500
=008  \\\\\\s2003\\\\xx\\\\\\\\\\\\000\0\\\\\d
=040  \\$aFDA$beng$cFDA
=035  \\$a(FSUSCA)Horward_Row_4_Section_5_2103
=245  00$aMyth of the French Bourgeoisie /$cSarah Maza
=264  \1$a[Place of publication not identified] :$bHarvard,$c2003
=300  \\$avolume
=336  \\$atext$btxt$2rdacontent
=337  \\$aunmediated$bn$2rdamedia
=338  \\$avolume$bnc$2rdacarrier
=500  \\$aTitle on spreadsheet: "The Myth of the French Bourgeoisie"
=590  \\$aHorward Collection$9LOCAL
=700  1\$aMaza, Sarah
=936  1\$aHorward, Donald D.,$edonor$9LOCAL

