=LDR  00637nam a2200181Mi 4500
=008  \\\\\\s1882\\\\xx\\\\\\\\\\\\000\0\\\\\d
=040  \\$aFDA$beng$cFDA
=035  \\$a(FSUSCA)Horward_Row_2_Section_6_923
=245  00$aNapier's Peninsular War$nVol 2 /$cW. F. P. Napier
=264  \1$a[Place of publication not identified] :$bRoutledge and Sons,$c1882
=300  \\$avolume
=336  \\$atext$btxt$2rdacontent
=337  \\$aunmediated$bn$2rdamedia
=338  \\$avolume$bnc$2rdacarrier
=500  \\$aTitle on spreadsheet: "Napier's Peninsular War"
=590  \\$aHorward Collection$9LOCAL
=700  1\$aNapier, W. F. P.
=936  1\$aHorward, Donald D.,$edonor$9LOCAL

