=LDR  00783nam a2200205Mi 4500
=008  \\\\\\suuuu\\\\xx\\\\\\\\\\\\000\0\\\\\d
=040  \\$aFDA$beng$cFDA
=035  \\$a(FSUSCA)Horward_Row_2_Section_3_391
=245  00$aNapier's Pennisular War, Vol. III$nVol. III /$cW. F. P. Napier
=264  \1$a[Place of publication not identified] :$bGeorge Routledge and Sons,$c[date of publication not identified]
=300  \\$avolume
=336  \\$atext$btxt$2rdacontent
=337  \\$aunmediated$bn$2rdamedia
=338  \\$avolume$bnc$2rdacarrier
=500  \\$aTitle on spreadsheet: "Napier's Pennisular War: Vol. III"
=500  \\$aMay contain custom binding.
=500  \\$aNapier's Pennisular War
=590  \\$aHorward Collection$9LOCAL
=700  1\$aNapier, W. F. P.
=936  1\$aHorward, Donald D.,$edonor$9LOCAL

