=LDR  00747nam a2200193Mi 4500
=008  \\\\\\s2014\\\\xx\\\\\\\\\\\\000\0\\\\\d
=040  \\$aFDA$beng$cFDA
=035  \\$a(FSUSCA)Horward_Row_2_Section_10_1763
=245  00$aNapleon in Italy - The Sieges of Mantua, 1796-1799 /$cPhillip R. Cuccia
=264  \1$a[Place of publication not identified] :$bUniversity of Oklahoma Press,$c2014
=300  \\$avolume
=336  \\$atext$btxt$2rdacontent
=337  \\$aunmediated$bn$2rdamedia
=338  \\$avolume$bnc$2rdacarrier
=500  \\$aTitle on spreadsheet: "Napleon in Italy - The Sieges of Mantua, 1796-1799"
=500  \\$aSigned and letter from author.
=590  \\$aHorward Collection$9LOCAL
=700  1\$aCuccia, Phillip R.
=936  1\$aHorward, Donald D.,$edonor$9LOCAL

