=LDR  00665nam a2200193Mi 4500
=008  \\\\\\s1901\\\\xx\\\\\\\\\\\\000\0\\\\\d
=040  \\$aFDA$beng$cFDA
=035  \\$a(FSUSCA)Horward_Row_2_Section_10_1676
=245  00$aNapleon - The Last Phase /$cLord Rosebery
=264  \1$a[Place of publication not identified] :$bHarper and Brothers,$c1901
=300  \\$avolume
=336  \\$atext$btxt$2rdacontent
=337  \\$aunmediated$bn$2rdamedia
=338  \\$avolume$bnc$2rdacarrier
=500  \\$aTitle on spreadsheet: "Napleon - The Last Phase"
=500  \\$aNote on page 248.
=590  \\$aHorward Collection$9LOCAL
=700  1\$aRosebery, Lord
=936  1\$aHorward, Donald D.,$edonor$9LOCAL

