=LDR  00655nam a2200181Mi 4500
=008  \\\\\\s1915\\\\xx\\\\\\\\\\\\000\0\\\\\d
=040  \\$aFDA$beng$cFDA
=035  \\$a(FSUSCA)Horward_Row_2_Section_6_966
=245  00$aNapoleom in Exile at St. Helena (1816-1821) /$cNorwood Young
=264  \1$a[Place of publication not identified] :$bWinston,$c1915
=300  \\$avolume
=336  \\$atext$btxt$2rdacontent
=337  \\$aunmediated$bn$2rdamedia
=338  \\$avolume$bnc$2rdacarrier
=500  \\$aTitle on spreadsheet: "Napoleom in Exile at St. Helena (1816-1821)"
=590  \\$aHorward Collection$9LOCAL
=700  1\$aYoung, Norwood
=936  1\$aHorward, Donald D.,$edonor$9LOCAL

