=LDR  00595nam a2200181Mi 4500
=008  \\\\\\s1983\\\\xx\\\\\\\\\\\\000\0\\\\\d
=040  \\$aFDA$beng$cFDA
=035  \\$a(FSUSCA)Horward_Row_2_Section_1_47
=245  00$aNapoleon /$cBrownlow, Kecin
=264  \1$a[Place of publication not identified] :$bAlfred A. Knopf,$c1983
=300  \\$avolume
=336  \\$atext$btxt$2rdacontent
=337  \\$aunmediated$bn$2rdamedia
=338  \\$avolume$bnc$2rdacarrier
=500  \\$aTitle on spreadsheet: "Napoleon"
=590  \\$aHorward Collection$9LOCAL
=700  1\$aBrownlow, Kecin
=936  1\$aHorward, Donald D.,$edonor$9LOCAL

