=LDR  00589nam a2200181Mi 4500
=008  \\\\\\s1972\\\\xx\\\\\\\\\\\\000\0\\\\\d
=040  \\$aFDA$beng$cFDA
=035  \\$a(FSUSCA)Horward_Row_2_Section_1_60
=245  00$aNapoleon /$cHutt, Maurice
=264  \1$a[Place of publication not identified] :$bPrentice Hall,$c1972
=300  \\$avolume
=336  \\$atext$btxt$2rdacontent
=337  \\$aunmediated$bn$2rdamedia
=338  \\$avolume$bnc$2rdacarrier
=500  \\$aTitle on spreadsheet: "Napoleon"
=590  \\$aHorward Collection$9LOCAL
=700  1\$aHutt, Maurice
=936  1\$aHorward, Donald D.,$edonor$9LOCAL

