=LDR  00603nam a2200181Mi 4500
=008  \\\\\\s1924\\\\xx\\\\\\\\\\\\000\0\\\\\d
=040  \\$aFDA$beng$cFDA
=035  \\$a(FSUSCA)Horward_Row_2_Section_2_186
=245  00$aNapoleon /$cHerbert Fisher
=264  \1$a[Place of publication not identified] :$bHenry Holt and Company,$c1924
=300  \\$avolume
=336  \\$atext$btxt$2rdacontent
=337  \\$aunmediated$bn$2rdamedia
=338  \\$avolume$bnc$2rdacarrier
=500  \\$aTitle on spreadsheet: "Napoleon "
=590  \\$aHorward Collection$9LOCAL
=700  1\$aFisher, Herbert
=936  1\$aHorward, Donald D.,$edonor$9LOCAL

