=LDR  00642nam a2200193Mi 4500
=008  \\\\\\s1920\\\\xx\\\\\\\\\\\\000\0\\\\\d
=040  \\$aFDA$beng$cFDA
=035  \\$a(FSUSCA)Horward_Row_2_Section_3_544
=245  00$aNapoleon /$cJoachim Ruhn
=264  \1$a[Place of publication not identified] :$bBerlag Ullfein and Co.,$c1920
=300  \\$avolume
=336  \\$atext$btxt$2rdacontent
=337  \\$aunmediated$bn$2rdamedia
=338  \\$avolume$bnc$2rdacarrier
=500  \\$aTitle on spreadsheet: "Napoleon"
=500  \\$aMay contain custom binding.
=590  \\$aHorward Collection$9LOCAL
=700  1\$aRuhn, Joachim
=936  1\$aHorward, Donald D.,$edonor$9LOCAL

