=LDR  00590nam a2200181Mi 4500
=008  \\\\\\s1924\\\\xx\\\\\\\\\\\\000\0\\\\\d
=040  \\$aFDA$beng$cFDA
=035  \\$a(FSUSCA)Horward_Row_2_Section_7_1165
=245  00$aNapoleon /$cElie Faure
=264  \1$a[Place of publication not identified] :$bLondon Constable,$c1924
=300  \\$avolume
=336  \\$atext$btxt$2rdacontent
=337  \\$aunmediated$bn$2rdamedia
=338  \\$avolume$bnc$2rdacarrier
=500  \\$aTitle on spreadsheet: "Napoleon "
=590  \\$aHorward Collection$9LOCAL
=700  1\$aFaure, Elie
=936  1\$aHorward, Donald D.,$edonor$9LOCAL

