=LDR  00596nam a2200181Mi 4500
=008  \\\\\\s1967\\\\xx\\\\\\\\\\\\000\0\\\\\d
=040  \\$aFDA$beng$cFDA
=035  \\$a(FSUSCA)Horward_Row_2_Section_7_1190
=245  00$aNapoleon /$cAndre Castelot
=264  \1$a[Place of publication not identified] :$bHarper and Row,$c1967
=300  \\$avolume
=336  \\$atext$btxt$2rdacontent
=337  \\$aunmediated$bn$2rdamedia
=338  \\$avolume$bnc$2rdacarrier
=500  \\$aTitle on spreadsheet: "Napoleon "
=590  \\$aHorward Collection$9LOCAL
=700  1\$aCastelot, Andre
=936  1\$aHorward, Donald D.,$edonor$9LOCAL

