=LDR  00596nam a2200181Mi 4500
=008  \\\\\\s1993\\\\xx\\\\\\\\\\\\000\0\\\\\d
=040  \\$aFDA$beng$cFDA
=035  \\$a(FSUSCA)Horward_Row_2_Section_8_1266
=245  00$aNapoleon /$cBernard Chevallier
=264  \1$a[Place of publication not identified] :$bWonders,$c1993
=300  \\$avolume
=336  \\$atext$btxt$2rdacontent
=337  \\$aunmediated$bn$2rdamedia
=338  \\$avolume$bnc$2rdacarrier
=500  \\$aTitle on spreadsheet: "Napoleon"
=590  \\$aHorward Collection$9LOCAL
=700  1\$aChevallier, Bernard
=936  1\$aHorward, Donald D.,$edonor$9LOCAL

