=LDR  00606nam a2200181Mi 4500
=008  \\\\\\s1914\\\\xx\\\\\\\\\\\\000\0\\\\\d
=040  \\$aFDA$beng$cFDA
=035  \\$a(FSUSCA)Horward_Row_2_Section_11_1823
=245  00$aNapoleon /$cJeffrey E. Jeffrey
=264  \1$a[Place of publication not identified] :$bAlfred A. Knopf,$c1914
=300  \\$avolume
=336  \\$atext$btxt$2rdacontent
=337  \\$aunmediated$bn$2rdamedia
=338  \\$avolume$bnc$2rdacarrier
=500  \\$aTitle on spreadsheet: "Napoleon "
=590  \\$aHorward Collection$9LOCAL
=700  1\$aJeffrey, Jeffrey E.
=936  1\$aHorward, Donald D.,$edonor$9LOCAL

