=LDR  00635nam a2200181Mi 4500
=008  \\\\\\s1972\\\\xx\\\\\\\\\\\\000\0\\\\\d
=040  \\$aFDA$beng$cFDA
=035  \\$a(FSUSCA)Horward_Row_2_Section_10_1717
=245  00$aNapoleon, Bisexual Emperor /$cFrank Richardson
=264  \1$a[Place of publication not identified] :$bHorizon Press,$c1972
=300  \\$avolume
=336  \\$atext$btxt$2rdacontent
=337  \\$aunmediated$bn$2rdamedia
=338  \\$avolume$bnc$2rdacarrier
=500  \\$aTitle on spreadsheet: "Napoleon, Bisexual Emperor"
=590  \\$aHorward Collection$9LOCAL
=700  1\$aRichardson, Frank
=936  1\$aHorward, Donald D.,$edonor$9LOCAL

