=LDR  00687nam a2200181Mi 4500
=008  \\\\\\s2000\\\\xx\\\\\\\\\\\\000\0\\\\\d
=040  \\$aFDA$beng$cFDA
=035  \\$a(FSUSCA)Horward_Row_4_Section_5_2076
=245  00$aNapoleon, De Gaulle and the Principles of War /$cDouglas W. Leonard
=264  \1$a[Place of publication not identified] :$bFlorida State University,$c2000
=300  \\$avolume
=336  \\$atext$btxt$2rdacontent
=337  \\$aunmediated$bn$2rdamedia
=338  \\$avolume$bnc$2rdacarrier
=500  \\$aTitle on spreadsheet: "Napoleon, De Gaulle and the Principles of War"
=590  \\$aHorward Collection$9LOCAL
=700  1\$aLeonard, Douglas W.
=936  1\$aHorward, Donald D.,$edonor$9LOCAL

