=LDR  00712nam a2200205Mi 4500
=008  \\\\\\s2006\\\\xx\\\\\\\\\\\\000\0\\\\\d
=040  \\$aFDA$beng$cFDA
=035  \\$a(FSUSCA)Horward_Row_2_Section_8_1371
=245  00$aNapoleon, l'esclavage et les colonies /$cThierry Lentz and Pierre and Branda
=264  \1$a[Place of publication not identified] :$bFayard,$c2006
=300  \\$avolume
=336  \\$atext$btxt$2rdacontent
=337  \\$aunmediated$bn$2rdamedia
=338  \\$avolume$bnc$2rdacarrier
=500  \\$aTitle on spreadsheet: "Napoleon, l'esclavage et les colonies "
=590  \\$aHorward Collection$9LOCAL
=700  1\$aLentz, Thierry
=700  1\$aPierre
=700  1\$aBranda
=936  1\$aHorward, Donald D.,$edonor$9LOCAL

