=LDR  00778nam a2200193Mi 4500
=008  \\\\\\s1992\\\\xx\\\\\\\\\\\\000\0\\\\\d
=040  \\$aFDA$beng$cFDA
=035  \\$a(FSUSCA)Horward_Row_4_Section_6_2264
=245  00$aNapoleon, An Intimate Account of the Years of Supremacy, 1800-1814 /$cProctor Patterson Jones
=264  \1$a[Place of publication not identified] :$bProctor Jones Publishing,$c1992
=300  \\$avolume
=336  \\$atext$btxt$2rdacontent
=337  \\$aunmediated$bn$2rdamedia
=338  \\$avolume$bnc$2rdacarrier
=500  \\$aTitle on spreadsheet: "Napoleon: An Intimate Account of the Years of Supremacy, 1800-1814"
=500  \\$aSigned and letter from author.
=590  \\$aHorward Collection$9LOCAL
=700  1\$aJones, Patterson
=936  1\$aHorward, Donald D.,$edonor$9LOCAL

