=LDR  00639nam a2200181Mi 4500
=008  \\\\\\s1904\\\\xx\\\\\\\\\\\\000\0\\\\\d
=040  \\$aFDA$beng$cFDA
=035  \\$a(FSUSCA)Horward_Row_4_Section_7_2510
=245  00$aNapoleon, A Short Biography /$cR. M. Johnston
=264  \1$a[Place of publication not identified] :$bA. S. Barnes and Co.,$c1904
=300  \\$avolume
=336  \\$atext$btxt$2rdacontent
=337  \\$aunmediated$bn$2rdamedia
=338  \\$avolume$bnc$2rdacarrier
=500  \\$aTitle on spreadsheet: "Napoleon: A Short Biography"
=590  \\$aHorward Collection$9LOCAL
=700  1\$aJohnston, R. M.
=936  1\$aHorward, Donald D.,$edonor$9LOCAL

