=LDR  00624nam a2200181Mi 4500
=008  \\\\\\s1957\\\\xx\\\\\\\\\\\\000\0\\\\\d
=040  \\$aFDA$beng$cFDA
=035  \\$a(FSUSCA)Horward_Row_2_Section_10_1750
=245  00$aNapoleon, For and Against /$cPieter Geyl
=264  \1$a[Place of publication not identified] :$bJonathan Cape,$c1957
=300  \\$avolume
=336  \\$atext$btxt$2rdacontent
=337  \\$aunmediated$bn$2rdamedia
=338  \\$avolume$bnc$2rdacarrier
=500  \\$aTitle on spreadsheet: "Napoleon: For and Against "
=590  \\$aHorward Collection$9LOCAL
=700  1\$aGeyl, Pieter
=936  1\$aHorward, Donald D.,$edonor$9LOCAL

