=LDR  00675nam a2200193Mi 4500
=008  \\\\\\s1998\\\\xx\\\\\\\\\\\\000\0\\\\\d
=040  \\$aFDA$beng$cFDA
=035  \\$a(FSUSCA)Horward_Row_2_Section_1_145
=245  00$aNapoleon, How He Did It /$cFain, Agathon Jean Francois
=264  \1$a[Place of publication not identified] :$bProctor Jones,$c1998
=300  \\$avolume
=336  \\$atext$btxt$2rdacontent
=337  \\$aunmediated$bn$2rdamedia
=338  \\$avolume$bnc$2rdacarrier
=500  \\$aTitle on spreadsheet: "Napoleon: How He Did It"
=500  \\$aInscribed.
=590  \\$aHorward Collection$9LOCAL
=700  1\$aFain, Agathon Jean Francois
=936  1\$aHorward, Donald D.,$edonor$9LOCAL

