=LDR  00706nam a2200193Mi 4500
=008  \\\\\\s1993\\\\xx\\\\\\\\\\\\000\0\\\\\d
=040  \\$aFDA$beng$cFDA
=035  \\$a(FSUSCA)Horward_Row_4_Section_7_2537
=245  00$aNapoleon, Humanitarian and Man of Peace /$cEmile Rene Gueguen
=264  \1$a[Place of publication not identified] :$bVincendo Publishing,$c1993
=300  \\$avolume
=336  \\$atext$btxt$2rdacontent
=337  \\$aunmediated$bn$2rdamedia
=338  \\$avolume$bnc$2rdacarrier
=500  \\$aTitle on spreadsheet: "Napoleon: Humanitarian and Man of Peace"
=500  \\$aSigned and invoice.
=590  \\$aHorward Collection$9LOCAL
=700  1\$aGueguen, Emile Rene
=936  1\$aHorward, Donald D.,$edonor$9LOCAL

