=LDR  00684nam a2200181Mi 4500
=008  \\\\\\s1998\\\\xx\\\\\\\\\\\\000\0\\\\\d
=040  \\$aFDA$beng$cFDA
=035  \\$a(FSUSCA)Horward_Row_4_Section_6_2182
=245  00$aNapoleon, Le General Bonaparte$nVol. I /$cDimitri Tsiskarichvili
=264  \1$a[Place of publication not identified] :$bLomisi Tbilissi,$c1998
=300  \\$avolume
=336  \\$atext$btxt$2rdacontent
=337  \\$aunmediated$bn$2rdamedia
=338  \\$avolume$bnc$2rdacarrier
=500  \\$aTitle on spreadsheet: "Napoleon: Le General Bonaparte, Vol. I (Georgian?)"
=590  \\$aHorward Collection$9LOCAL
=700  1\$aTsiskarichvili, Dimitri
=936  1\$aHorward, Donald D.,$edonor$9LOCAL

