=LDR  00846nam a2200205Mi 4500
=008  \\\\\\s1938\\\\xx\\\\\\\\\\\\000\0\\\\\d
=040  \\$aFDA$beng$cFDA
=035  \\$a(FSUSCA)Horward_Row_2_Section_11_1862
=245  00$aNapoleon, Les Derniers Moments La Vraie Figure du De Antommarchi et L'Enigme Pathologique de Sainte Helene /$cDrs. Abbatucci and Mets
=264  \1$a[Place of publication not identified] :$bEditions Saint Jacques,$c1938
=300  \\$avolume
=336  \\$atext$btxt$2rdacontent
=337  \\$aunmediated$bn$2rdamedia
=338  \\$avolume$bnc$2rdacarrier
=500  \\$aTitle on spreadsheet: "Napoleon: Les Derniers Moments La Vraie Figure du De Antommarchi et L'Enigme Pathologique de Sainte Helene"
=500  \\$aNote.
=590  \\$aHorward Collection$9LOCAL
=700  1\$aAbbatucci
=700  1\$aMets
=936  1\$aHorward, Donald D.,$edonor$9LOCAL

