=LDR  00670nam a2200193Mi 4500
=008  \\\\\\s1941\\\\xx\\\\\\\\\\\\000\0\\\\\d
=040  \\$aFDA$beng$cFDA
=035  \\$a(FSUSCA)Horward_Row_4_Section_7_2407
=245  00$aNapoleon, Lettres a Josephine /$cJacques Bourgeat
=264  \1$a[Place of publication not identified] :$bGuy Le Prat,$c1941
=300  \\$avolume
=336  \\$atext$btxt$2rdacontent
=337  \\$aunmediated$bn$2rdamedia
=338  \\$avolume$bnc$2rdacarrier
=500  \\$aTitle on spreadsheet: "Napoleon: Lettres a Josephine"
=500  \\$aCustom binding.
=590  \\$aHorward Collection$9LOCAL
=700  1\$aBourgeat, Jacques
=936  1\$aHorward, Donald D.,$edonor$9LOCAL

