=LDR  00703nam a2200193Mi 4500
=008  \\\\\\s1979\\\\xx\\\\\\\\\\\\000\0\\\\\d
=040  \\$aFDA$beng$cFDA
=035  \\$a(FSUSCA)Horward_Row_2_Section_11_2005
=245  00$aNapoleon, Master of Europe, 1805-1807 /$cAlistair Horne
=264  \1$a[Place of publication not identified] :$bWilliam Morrow and Co.,$c1979
=300  \\$avolume
=336  \\$atext$btxt$2rdacontent
=337  \\$aunmediated$bn$2rdamedia
=338  \\$avolume$bnc$2rdacarrier
=500  \\$aTitle on spreadsheet: "Napoleon: Master of Europe, 1805-1807"
=500  \\$aMany notes inside cover.
=590  \\$aHorward Collection$9LOCAL
=700  1\$aHorne, Alistair
=936  1\$aHorward, Donald D.,$edonor$9LOCAL

