=LDR  00661nam a2200193Mi 4500
=008  \\\\\\s1977\\\\xx\\\\\\\\\\\\000\0\\\\\d
=040  \\$aFDA$beng$cFDA
=035  \\$a(FSUSCA)Horward_Row_2_Section_6_1006
=245  00$aNapoleon, Ou Le Mythe Du Sauveur /$cJean Tulard
=264  \1$a[Place of publication not identified] :$bFayard,$c1977
=300  \\$avolume
=336  \\$atext$btxt$2rdacontent
=337  \\$aunmediated$bn$2rdamedia
=338  \\$avolume$bnc$2rdacarrier
=500  \\$aTitle on spreadsheet: "Napoleon: Ou Le Mythe Du Sauveur"
=500  \\$aCustom binding.
=590  \\$aHorward Collection$9LOCAL
=700  1\$aTulard, Jean
=936  1\$aHorward, Donald D.,$edonor$9LOCAL

