=LDR  00642nam a2200181Mi 4500
=008  \\\\\\s1929\\\\xx\\\\\\\\\\\\000\0\\\\\d
=040  \\$aFDA$beng$cFDA
=035  \\$a(FSUSCA)Horward_Row_2_Section_10_1793
=245  00$aNapoleon, Self-Destroyed /$cPierce Clark
=264  \1$a[Place of publication not identified] :$bJonathan Cape and Harrison Smith,$c1929
=300  \\$avolume
=336  \\$atext$btxt$2rdacontent
=337  \\$aunmediated$bn$2rdamedia
=338  \\$avolume$bnc$2rdacarrier
=500  \\$aTitle on spreadsheet: "Napoleon: Self-Destroyed"
=590  \\$aHorward Collection$9LOCAL
=700  1\$aClark, Pierce
=936  1\$aHorward, Donald D.,$edonor$9LOCAL

