=LDR  00667nam a2200181Mi 4500
=008  \\\\\\s1996\\\\xx\\\\\\\\\\\\000\0\\\\\d
=040  \\$aFDA$beng$cFDA
=035  \\$a(FSUSCA)Horward_Row_2_Section_11_1964
=245  00$aNapoleon, the Final Verdict /$cPhilip J. Haythornwhite, et. al
=264  \1$a[Place of publication not identified] :$bArms and Armour Press,$c1996
=300  \\$avolume
=336  \\$atext$btxt$2rdacontent
=337  \\$aunmediated$bn$2rdamedia
=338  \\$avolume$bnc$2rdacarrier
=500  \\$aTitle on spreadsheet: "Napoleon: the Final Verdict"
=590  \\$aHorward Collection$9LOCAL
=700  1\$aHaythornwhite, Philip J.
=936  1\$aHorward, Donald D.,$edonor$9LOCAL

