=LDR  00630nam a2200181Mi 4500
=008  \\\\\\s1900\\\\xx\\\\\\\\\\\\000\0\\\\\d
=040  \\$aFDA$beng$cFDA
=035  \\$a(FSUSCA)Horward_Row_4_Section_6_2158
=245  00$aNapoleon, The Last Phase /$cLord Rosebery
=264  \1$a[Place of publication not identified] :$bHarper and Brothers,$c1900
=300  \\$avolume
=336  \\$atext$btxt$2rdacontent
=337  \\$aunmediated$bn$2rdamedia
=338  \\$avolume$bnc$2rdacarrier
=500  \\$aTitle on spreadsheet: "Napoleon: The Last Phase"
=590  \\$aHorward Collection$9LOCAL
=700  1\$aRosebery, Lord
=936  1\$aHorward, Donald D.,$edonor$9LOCAL

