=LDR  00618nam a2200181Mi 4500
=008  \\\\\\s1979\\\\xx\\\\\\\\\\\\000\0\\\\\d
=040  \\$aFDA$beng$cFDA
=035  \\$a(FSUSCA)Horward_Row_2_Section_6_1032
=245  00$aNapoleon's Little Pest /$cPeter Gunn
=264  \1$a[Place of publication not identified] :$bHamish Hamilton,$c1979
=300  \\$avolume
=336  \\$atext$btxt$2rdacontent
=337  \\$aunmediated$bn$2rdamedia
=338  \\$avolume$bnc$2rdacarrier
=500  \\$aTitle on spreadsheet: "Napoleon's "Little Pest""
=590  \\$aHorward Collection$9LOCAL
=700  1\$aGunn, Peter
=936  1\$aHorward, Donald D.,$edonor$9LOCAL

