=LDR  00715nam a2200205Mi 4500
=008  \\\\\\s1969\\\\xx\\\\\\\\\\\\000\0\\\\\d
=040  \\$aFDA$beng$cFDA
=035  \\$a(FSUSCA)Horward_Row_4_Section_8_2571
=245  00$aNapoleon's Army /$cCharles Parquin (edited by B.T. Jones)
=264  \1$a[Place of publication not identified] :$bArchon Books,$c1969
=300  \\$avolume
=336  \\$atext$btxt$2rdacontent
=337  \\$aunmediated$bn$2rdamedia
=338  \\$avolume$bnc$2rdacarrier
=500  \\$aTitle on spreadsheet: "Napoleon's Army"
=500  \\$aPostcard from managing editor inside.
=590  \\$aHorward Collection$9LOCAL
=700  1\$aParquin, Charles
=700  1\$aJones, B. T.
=936  1\$aHorward, Donald D.,$edonor$9LOCAL

