=LDR  00619nam a2200181Mi 4500
=008  \\\\\\s2005\\\\xx\\\\\\\\\\\\000\0\\\\\d
=040  \\$aFDA$beng$cFDA
=035  \\$a(FSUSCA)Horward_Row_2_Section_9_1587
=245  00$aNapoleon's Art of War /$cBrian De Toy
=264  \1$a[Place of publication not identified] :$bBarnes and Noble,$c2005
=300  \\$avolume
=336  \\$atext$btxt$2rdacontent
=337  \\$aunmediated$bn$2rdamedia
=338  \\$avolume$bnc$2rdacarrier
=500  \\$aTitle on spreadsheet: "Napoleon's Art of War"
=590  \\$aHorward Collection$9LOCAL
=700  1\$aDe Toy, Brian
=936  1\$aHorward, Donald D.,$edonor$9LOCAL

