=LDR  00719nam a2200193Mi 4500
=008  \\\\\\s1966\\\\xx\\\\\\\\\\\\000\0\\\\\d
=040  \\$aFDA$beng$cFDA
=035  \\$a(FSUSCA)Horward_Row_2_Section_11_1995
=245  00$aNapoleon's Battles, A History of His Campaigns /$cHenry Lachouque
=264  \1$a[Place of publication not identified] :$bGeorge Allen and Unwin, Ltd.,$c1966
=300  \\$avolume
=336  \\$atext$btxt$2rdacontent
=337  \\$aunmediated$bn$2rdamedia
=338  \\$avolume$bnc$2rdacarrier
=500  \\$aTitle on spreadsheet: "Napoleon's Battles: A History of His Campaigns"
=500  \\$aNote in cover.
=590  \\$aHorward Collection$9LOCAL
=700  1\$aLachouque, Henry
=936  1\$aHorward, Donald D.,$edonor$9LOCAL

