=LDR  00633nam a2200181Mi 4500
=008  \\\\\\s1975\\\\xx\\\\\\\\\\\\000\0\\\\\d
=040  \\$aFDA$beng$cFDA
=035  \\$a(FSUSCA)Horward_Row_4_Section_7_2540
=245  00$aNapoleon's Book of Fate /$cJoe Bonomo
=264  \1$a[Place of publication not identified] :$bBonomo Culture Institute, Inc.,$c1975
=300  \\$avolume
=336  \\$atext$btxt$2rdacontent
=337  \\$aunmediated$bn$2rdamedia
=338  \\$avolume$bnc$2rdacarrier
=500  \\$aTitle on spreadsheet: "Napoleon's Book of Fate"
=590  \\$aHorward Collection$9LOCAL
=700  1\$aBonomo, Joe
=936  1\$aHorward, Donald D.,$edonor$9LOCAL

