=LDR  00707nam a2200181Mi 4500
=008  \\\\\\s1904\\\\xx\\\\\\\\\\\\000\0\\\\\d
=040  \\$aFDA$beng$cFDA
=035  \\$a(FSUSCA)Horward_Row_2_Section_1_69
=245  00$aNapoleon's British Visitors abd Captives 1801-1815 /$cAlger, J. Goldworth
=264  \1$a[Place of publication not identified] :$bArchibald Constable and Comany, Ltd,$c1904
=300  \\$avolume
=336  \\$atext$btxt$2rdacontent
=337  \\$aunmediated$bn$2rdamedia
=338  \\$avolume$bnc$2rdacarrier
=500  \\$aTitle on spreadsheet: "Napoleon's British Visitors abd Captives 1801-1815"
=590  \\$aHorward Collection$9LOCAL
=700  1\$aAlger, J. Goldworth
=936  1\$aHorward, Donald D.,$edonor$9LOCAL

