=LDR  00855nam a2200181Mi 4500
=008  \\\\\\s1907\\\\xx\\\\\\\\\\\\000\0\\\\\d
=040  \\$aFDA$beng$cFDA
=035  \\$a(FSUSCA)Horward_Row_2_Section_11_1900
=245  00$aNapoleon's Campaign in Poland, 1806-7 A Military History of Napoleon's First War with Russia, verified from unpublished offical documents /$cLoraine Petre
=264  \1$a[Place of publication not identified] :$bJohn Lane Company,$c1907
=300  \\$avolume
=336  \\$atext$btxt$2rdacontent
=337  \\$aunmediated$bn$2rdamedia
=338  \\$avolume$bnc$2rdacarrier
=500  \\$aTitle on spreadsheet: "Napoleon's Campaign in Poland, 1806-7 A Military History of Napoleon's First War with Russia, verified from unpublished offical documents"
=590  \\$aHorward Collection$9LOCAL
=700  1\$aPetre, Loraine
=936  1\$aHorward, Donald D.,$edonor$9LOCAL

