=LDR  00616nam a2200181Mi 4500
=008  \\\\\\s1913\\\\xx\\\\\\\\\\\\000\0\\\\\d
=040  \\$aFDA$beng$cFDA
=035  \\$a(FSUSCA)Horward_Row_2_Section_7_1226
=245  00$aNapoleon's Campaign in Russia /$cA. Rose
=264  \1$a[Place of publication not identified] :$bA. Rose,$c1913
=300  \\$avolume
=336  \\$atext$btxt$2rdacontent
=337  \\$aunmediated$bn$2rdamedia
=338  \\$avolume$bnc$2rdacarrier
=500  \\$aTitle on spreadsheet: "Napoleon's Campaign in Russia"
=590  \\$aHorward Collection$9LOCAL
=700  1\$aRose, A.
=936  1\$aHorward, Donald D.,$edonor$9LOCAL

