=LDR  00726nam a2200193Mi 4500
=008  \\\\\\s1926\\\\xx\\\\\\\\\\\\000\0\\\\\d
=040  \\$aFDA$beng$cFDA
=035  \\$a(FSUSCA)Horward_Row_2_Section_1_122
=245  00$aNapoleon's Campaign of 1812 and the Retreat from Moscow /$cBelloc, Hilaire
=264  \1$a[Place of publication not identified] :$bHarper and Brothers,$c1926
=300  \\$avolume
=336  \\$atext$btxt$2rdacontent
=337  \\$aunmediated$bn$2rdamedia
=338  \\$avolume$bnc$2rdacarrier
=500  \\$aTitle on spreadsheet: "Napoleon's Campaign of 1812 and the Retreat from Moscow"
=500  \\$aLoose ephemera.
=590  \\$aHorward Collection$9LOCAL
=700  1\$aBelloc, Hilaire
=936  1\$aHorward, Donald D.,$edonor$9LOCAL

