=LDR  00641nam a2200181Mi 4500
=008  \\\\\\s1951\\\\xx\\\\\\\\\\\\000\0\\\\\d
=040  \\$aFDA$beng$cFDA
=035  \\$a(FSUSCA)Horward_Row_4_Section_6_2316
=245  00$aNapoleon's Campaigns in Italy /$cR. G. Burton
=264  \1$a[Place of publication not identified] :$bGeorge Allen and Unwin,$c1951
=300  \\$avolume
=336  \\$atext$btxt$2rdacontent
=337  \\$aunmediated$bn$2rdamedia
=338  \\$avolume$bnc$2rdacarrier
=500  \\$aTitle on spreadsheet: "Napoleon's Campaigns in Italy"
=590  \\$aHorward Collection$9LOCAL
=700  1\$aBurton, R. G.
=936  1\$aHorward, Donald D.,$edonor$9LOCAL

