=LDR  00681nam a2200181Mi 4500
=008  \\\\\\s1902\\\\xx\\\\\\\\\\\\000\0\\\\\d
=040  \\$aFDA$beng$cFDA
=035  \\$a(FSUSCA)Horward_Row_2_Section_1_143
=245  00$aNapoleon's Captivity in Relation to Sir Hudson Lowe /$cSeaton, R.C.
=264  \1$a[Place of publication not identified] :$bGeorge Bell and Sons,$c1902
=300  \\$avolume
=336  \\$atext$btxt$2rdacontent
=337  \\$aunmediated$bn$2rdamedia
=338  \\$avolume$bnc$2rdacarrier
=500  \\$aTitle on spreadsheet: "Napoleon's Captivity in Relation to Sir Hudson Lowe"
=590  \\$aHorward Collection$9LOCAL
=700  1\$aSeaton, R.C.
=936  1\$aHorward, Donald D.,$edonor$9LOCAL

