=LDR  00732nam a2200193Mi 4500
=008  \\\\\\s2005\\\\xx\\\\\\\\\\\\000\0\\\\\d
=040  \\$aFDA$beng$cFDA
=035  \\$a(FSUSCA)Horward_Row_4_Section_6_2200
=245  00$aNapoleon's Conquest of Europe, The Way of the Third Coalition /$cFrederick C. Schneid
=264  \1$a[Place of publication not identified] :$bPraeger,$c2005
=300  \\$avolume
=336  \\$atext$btxt$2rdacontent
=337  \\$aunmediated$bn$2rdamedia
=338  \\$avolume$bnc$2rdacarrier
=500  \\$aTitle on spreadsheet: "Napoleon's Conquest of Europe: The Way of the Third Coalition"
=500  \\$aEphemera.
=590  \\$aHorward Collection$9LOCAL
=700  1\$aSchneid, Frederick C.
=936  1\$aHorward, Donald D.,$edonor$9LOCAL

