=LDR  00719nam a2200181Mi 4500
=008  \\\\\\s1972\\\\xx\\\\\\\\\\\\000\0\\\\\d
=040  \\$aFDA$beng$cFDA
=035  \\$a(FSUSCA)Horward_Row_2_Section_11_1892
=245  00$aNapoleon's Conquest of Prussia - 1806 F. Loraine Petre /$c(introduction by) David G. Chandler
=264  \1$a[Place of publication not identified] :$bArms and Armour Press,$c1972
=300  \\$avolume
=336  \\$atext$btxt$2rdacontent
=337  \\$aunmediated$bn$2rdamedia
=338  \\$avolume$bnc$2rdacarrier
=500  \\$aTitle on spreadsheet: "Napoleon's Conquest of Prussia - 1806 F. Loraine Petre"
=590  \\$aHorward Collection$9LOCAL
=700  1\$aChandler, David G.
=936  1\$aHorward, Donald D.,$edonor$9LOCAL

