=LDR  00653nam a2200181Mi 4500
=008  \\\\\\s1977\\\\xx\\\\\\\\\\\\000\0\\\\\d
=040  \\$aFDA$beng$cFDA
=035  \\$a(FSUSCA)Horward_Row_4_Section_7_2444
=245  00$aNapoleon's Cuirassiers and Carabiniers /$cEmir Bukhari
=264  \1$a[Place of publication not identified] :$bOsprey Publishing,$c1977
=300  \\$avolume
=336  \\$atext$btxt$2rdacontent
=337  \\$aunmediated$bn$2rdamedia
=338  \\$avolume$bnc$2rdacarrier
=500  \\$aTitle on spreadsheet: "Napoleon's Cuirassiers and Carabiniers"
=590  \\$aHorward Collection$9LOCAL
=700  1\$aEmir Bukhari
=936  1\$aHorward, Donald D.,$edonor$9LOCAL

