=LDR  00661nam a2200181Mi 4500
=008  \\\\\\s1974\\\\xx\\\\\\\\\\\\000\0\\\\\d
=040  \\$aFDA$beng$cFDA
=035  \\$a(FSUSCA)Horward_Row_4_Section_7_2377
=245  00$aNapoleon's Death, An Inquest /$cMajor General Frank Richardson
=264  \1$a[Place of publication not identified] :$bWilliam Kimber,$c1974
=300  \\$avolume
=336  \\$atext$btxt$2rdacontent
=337  \\$aunmediated$bn$2rdamedia
=338  \\$avolume$bnc$2rdacarrier
=500  \\$aTitle on spreadsheet: "Napoleon's Death: An Inquest"
=590  \\$aHorward Collection$9LOCAL
=700  1\$aRichardson, General Frank
=936  1\$aHorward, Donald D.,$edonor$9LOCAL

