=LDR  00652nam a2200181Mi 4500
=008  \\\\\\s1979\\\\xx\\\\\\\\\\\\000\0\\\\\d
=040  \\$aFDA$beng$cFDA
=035  \\$a(FSUSCA)Horward_Row_2_Section_2_210
=245  00$aNapoleon's Diplomatic Service /$cEdward A. Whitcomb
=264  \1$a[Place of publication not identified] :$bDuke University Press,$c1979
=300  \\$avolume
=336  \\$atext$btxt$2rdacontent
=337  \\$aunmediated$bn$2rdamedia
=338  \\$avolume$bnc$2rdacarrier
=500  \\$aTitle on spreadsheet: "Napoleon's Diplomatic Service "
=590  \\$aHorward Collection$9LOCAL
=700  1\$aWhitcomb, Edward A.
=936  1\$aHorward, Donald D.,$edonor$9LOCAL

