=LDR  00658nam a2200181Mi 4500
=008  \\\\\\s2008\\\\xx\\\\\\\\\\\\000\0\\\\\d
=040  \\$aFDA$beng$cFDA
=035  \\$a(FSUSCA)Horward_Row_2_Section_8_1323
=245  00$aNapoleon's Enfant Terrible /$cJohn G. Gallaher
=264  \1$a[Place of publication not identified] :$bUniversity of Oklahoma press: Norman,$c2008
=300  \\$avolume
=336  \\$atext$btxt$2rdacontent
=337  \\$aunmediated$bn$2rdamedia
=338  \\$avolume$bnc$2rdacarrier
=500  \\$aTitle on spreadsheet: "Napoleon's Enfant Terrible "
=590  \\$aHorward Collection$9LOCAL
=700  1\$aGallaher, John G.
=936  1\$aHorward, Donald D.,$edonor$9LOCAL

