=LDR  00857nam a2200193Mi 4500
=008  \\\\\\s2006\\\\xx\\\\\\\\\\\\000\0\\\\\d
=040  \\$aFDA$beng$cFDA
=035  \\$a(FSUSCA)Horward_Row_4_Section_7_2328
=245  00$aNapoleon's Finest Marshal Louis Davout and His 3rd Corps Combat Journal of Operations, 1805-1807 /$c(edited by) Matthew DeLaMater, Douglas C. DeLaMater
=264  \1$a[Place of publication not identified] :$bMilitary History Press,$c2006
=300  \\$avolume
=336  \\$atext$btxt$2rdacontent
=337  \\$aunmediated$bn$2rdamedia
=338  \\$avolume$bnc$2rdacarrier
=500  \\$aTitle on spreadsheet: "Napoleon's Finest Marshal Louis Davout and His 3rd Corps Combat Journal of Operations, 1805-1807"
=590  \\$aHorward Collection$9LOCAL
=700  1\$aDeLaMater, Matthew
=700  1\$aDeLaMater, Douglas C.
=936  1\$aHorward, Donald D.,$edonor$9LOCAL

