=LDR  00717nam a2200193Mi 4500
=008  \\\\\\s1975\\\\xx\\\\\\\\\\\\000\0\\\\\d
=040  \\$aFDA$beng$cFDA
=035  \\$a(FSUSCA)Horward_Row_4_Section_7_2459
=245  00$aNapoleon's German Allies (1), Westfalia and Kleve-berg$n1 /$cOtto Von Pivka
=250  \\$aRevised
=264  \1$a[Place of publication not identified] :$bOsprey Publishing,$c1975
=300  \\$avolume
=336  \\$atext$btxt$2rdacontent
=337  \\$aunmediated$bn$2rdamedia
=338  \\$avolume$bnc$2rdacarrier
=500  \\$aTitle on spreadsheet: "Napoleon's German Allies (1): Westfalia and Kleve-berg"
=590  \\$aHorward Collection$9LOCAL
=700  1\$aVon Pivka, Otto
=936  1\$aHorward, Donald D.,$edonor$9LOCAL

