=LDR  00667nam a2200193Mi 4500
=008  \\\\\\s1990\\\\xx\\\\\\\\\\\\000\0\\\\\d
=040  \\$aFDA$beng$cFDA
=035  \\$a(FSUSCA)Horward_Row_2_Section_9_1578
=245  00$aNapoleon's Grande Armee of 1813 /$cScott bowden
=250  \\$aFirst Edition
=264  \1$a[Place of publication not identified] :$bEmperors Press,$c1990
=300  \\$avolume
=336  \\$atext$btxt$2rdacontent
=337  \\$aunmediated$bn$2rdamedia
=338  \\$avolume$bnc$2rdacarrier
=500  \\$aTitle on spreadsheet: "Napoleon's Grande Armee of 1813"
=590  \\$aHorward Collection$9LOCAL
=700  1\$aBowden, Scott
=936  1\$aHorward, Donald D.,$edonor$9LOCAL

