=LDR  00710nam a2200193Mi 4500
=008  \\\\\\s1982\\\\xx\\\\\\\\\\\\000\0\\\\\d
=040  \\$aFDA$beng$cFDA
=035  \\$a(FSUSCA)Horward_Row_2_Section_11_1921
=245  00$aNapoleon's Great Adversaries /$cGunther E. Rothenberg
=264  \1$a[Place of publication not identified] :$bIndiana University Press,$c1982
=300  \\$avolume
=336  \\$atext$btxt$2rdacontent
=337  \\$aunmediated$bn$2rdamedia
=338  \\$avolume$bnc$2rdacarrier
=500  \\$aTitle on spreadsheet: "Napoleon's Great Adversaries "
=500  \\$aPamphlet version of book inside.
=590  \\$aHorward Collection$9LOCAL
=700  1\$aRothenberg, Gunther E.
=936  1\$aHorward, Donald D.,$edonor$9LOCAL

