=LDR  00646nam a2200181Mi 4500
=008  \\\\\\s1942\\\\xx\\\\\\\\\\\\000\0\\\\\d
=040  \\$aFDA$beng$cFDA
=035  \\$a(FSUSCA)Horward_Row_2_Section_8_1369
=245  00$aNapoleon's Invasion of Russia /$cEugene Tarle
=264  \1$a[Place of publication not identified] :$bGeorge Allen and Unwin Ltd,$c1942
=300  \\$avolume
=336  \\$atext$btxt$2rdacontent
=337  \\$aunmediated$bn$2rdamedia
=338  \\$avolume$bnc$2rdacarrier
=500  \\$aTitle on spreadsheet: "Napoleon's Invasion of Russia "
=590  \\$aHorward Collection$9LOCAL
=700  1\$aTarle, Eugene
=936  1\$aHorward, Donald D.,$edonor$9LOCAL

