=LDR  00692nam a2200193Mi 4500
=008  \\\\\\s1977\\\\xx\\\\\\\\\\\\000\0\\\\\d
=040  \\$aFDA$beng$cFDA
=035  \\$a(FSUSCA)Horward_Row_2_Section_9_1501
=245  00$aNapoleon's Last Will and Testament /$cBabelon and D'Huart
=250  \\$aFacsimile Edition
=264  \1$a[Place of publication not identified] :$bPaddington Press,$c1977
=300  \\$avolume
=336  \\$atext$btxt$2rdacontent
=337  \\$aunmediated$bn$2rdamedia
=338  \\$avolume$bnc$2rdacarrier
=500  \\$aTitle on spreadsheet: "Napoleon's Last Will and Testament"
=590  \\$aHorward Collection$9LOCAL
=710  2\$aBabelon and D'Huart
=936  1\$aHorward, Donald D.,$edonor$9LOCAL

