=LDR  00625nam a2200181Mi 4500
=008  \\\\\\s1954\\\\xx\\\\\\\\\\\\000\0\\\\\d
=040  \\$aFDA$beng$cFDA
=035  \\$a(FSUSCA)Horward_Row_4_Section_7_2539
=245  00$aNapoleon's Letters /$cJ. M. Thompson
=264  \1$a[Place of publication not identified] :$bJ. M. Dent and Sons Ltd.,$c1954
=300  \\$avolume
=336  \\$atext$btxt$2rdacontent
=337  \\$aunmediated$bn$2rdamedia
=338  \\$avolume$bnc$2rdacarrier
=500  \\$aTitle on spreadsheet: "Napoleon's Letters"
=590  \\$aHorward Collection$9LOCAL
=700  1\$aThompson, J. M.
=936  1\$aHorward, Donald D.,$edonor$9LOCAL

