=LDR  00644nam a2200181Mi 4500
=008  \\\\\\s1983\\\\xx\\\\\\\\\\\\000\0\\\\\d
=040  \\$aFDA$beng$cFDA
=035  \\$a(FSUSCA)Horward_Row_4_Section_7_2443
=245  00$aNapoleon's Light Infantry /$cPhilip Haythornwhite
=264  \1$a[Place of publication not identified] :$bOsprey Publishing,$c1983
=300  \\$avolume
=336  \\$atext$btxt$2rdacontent
=337  \\$aunmediated$bn$2rdamedia
=338  \\$avolume$bnc$2rdacarrier
=500  \\$aTitle on spreadsheet: "Napoleon's Light Infantry"
=590  \\$aHorward Collection$9LOCAL
=700  1\$aHaythornwhite, Philip
=936  1\$aHorward, Donald D.,$edonor$9LOCAL

