=LDR  00812nam a2200205Mi 4500
=008  \\\\\\s1999\\\\xx\\\\\\\\\\\\000\0\\\\\d
=040  \\$aFDA$beng$cFDA
=035  \\$a(FSUSCA)Horward_Row_4_Section_6_2266
=245  00$aNapoleon's Lost Fleet, Bonaparte, Nelson, and the Battle of the Nile /$cLaura Foreman and Ellen Blue Phillips
=264  \1$a[Place of publication not identified] :$bRoundtable Press,$c1999
=300  \\$avolume
=336  \\$atext$btxt$2rdacontent
=337  \\$aunmediated$bn$2rdamedia
=338  \\$avolume$bnc$2rdacarrier
=500  \\$aTitle on spreadsheet: "Napoleon's Lost Fleet: Bonaparte, Nelson, and the Battle of the Nile"
=500  \\$aTimes Books Review.
=590  \\$aHorward Collection$9LOCAL
=700  1\$aForeman, Laura
=700  1\$aPhillips, Ellen Blue
=936  1\$aHorward, Donald D.,$edonor$9LOCAL

