=LDR  00687nam a2200205Mi 4500
=008  \\\\\\s2003\\\\xx\\\\\\\\\\\\000\0\\\\\d
=040  \\$aFDA$beng$cFDA
=035  \\$a(FSUSCA)Horward_Row_2_Section_10_1755
=245  00$aNapoleon's Medaillen /$cLisa and Joachim Zeitz
=264  \1$a[Place of publication not identified] :$bMichael Imhof Verlag,$c2003
=300  \\$avolume
=336  \\$atext$btxt$2rdacontent
=337  \\$aunmediated$bn$2rdamedia
=338  \\$avolume$bnc$2rdacarrier
=500  \\$aTitle on spreadsheet: "Napoleon's Medaillen"
=500  \\$aOversize.
=590  \\$aHorward Collection$9LOCAL
=700  1\$aZeitz, Lisa
=700  1\$aZeitz, Joachim
=936  1\$aHorward, Donald D.,$edonor$9LOCAL

