=LDR  00715nam a2200181Mi 4500
=008  \\\\\\s2003\\\\xx\\\\\\\\\\\\000\0\\\\\d
=040  \\$aFDA$beng$cFDA
=035  \\$a(FSUSCA)Horward_Row_4_Section_5_2083
=245  00$aNapoleon's Military Court, The Marshals and their Wives /$cJolynda Brock Chenicek
=264  \1$a[Place of publication not identified] :$bFlorida State University,$c2003
=300  \\$avolume
=336  \\$atext$btxt$2rdacontent
=337  \\$aunmediated$bn$2rdamedia
=338  \\$avolume$bnc$2rdacarrier
=500  \\$aTitle on spreadsheet: "Napoleon's Military Court: The Marshals and their Wives"
=590  \\$aHorward Collection$9LOCAL
=700  1\$aChenicek, Jolynda Brock
=936  1\$aHorward, Donald D.,$edonor$9LOCAL

