=LDR  00611nam a2200181Mi 4500
=008  \\\\\\s1962\\\\xx\\\\\\\\\\\\000\0\\\\\d
=040  \\$aFDA$beng$cFDA
=035  \\$a(FSUSCA)Horward_Row_2_Section_6_993
=245  00$aNapoleon's Mother /$cAlain Decaux
=264  \1$a[Place of publication not identified] :$bThe Cresset Press,$c1962
=300  \\$avolume
=336  \\$atext$btxt$2rdacontent
=337  \\$aunmediated$bn$2rdamedia
=338  \\$avolume$bnc$2rdacarrier
=500  \\$aTitle on spreadsheet: "Napoleon's Mother"
=590  \\$aHorward Collection$9LOCAL
=700  1\$aDecaux, Alain
=936  1\$aHorward, Donald D.,$edonor$9LOCAL

