=LDR  00618nam a2200181Mi 4500
=008  \\\\\\s1970\\\\xx\\\\\\\\\\\\000\0\\\\\d
=040  \\$aFDA$beng$cFDA
=035  \\$a(FSUSCA)Horward_Row_2_Section_10_1803
=245  00$aNapoleon's Police /$cPeter de Polnay
=264  \1$a[Place of publication not identified] :$bW. H. Allen 1970,$c1970
=300  \\$avolume
=336  \\$atext$btxt$2rdacontent
=337  \\$aunmediated$bn$2rdamedia
=338  \\$avolume$bnc$2rdacarrier
=500  \\$aTitle on spreadsheet: "Napoleon's Police"
=590  \\$aHorward Collection$9LOCAL
=700  1\$ade Polnay, Peter
=936  1\$aHorward, Donald D.,$edonor$9LOCAL

