=LDR  00732nam a2200181Mi 4500
=008  \\\\\\s1998\\\\xx\\\\\\\\\\\\000\0\\\\\d
=040  \\$aFDA$beng$cFDA
=035  \\$a(FSUSCA)Horward_Row_2_Section_11_1893
=245  00$aNapoleon's Proconsul in Egypt, The Life and times of Bernardino Drovetti /$cRonald T. Ridley
=264  \1$a[Place of publication not identified] :$bThe Rubicon Press,$c1998
=300  \\$avolume
=336  \\$atext$btxt$2rdacontent
=337  \\$aunmediated$bn$2rdamedia
=338  \\$avolume$bnc$2rdacarrier
=500  \\$aTitle on spreadsheet: "Napoleon's Proconsul in Egypt: The Life and times of Bernardino Drovetti "
=590  \\$aHorward Collection$9LOCAL
=700  1\$aRidley, Ronald T.
=936  1\$aHorward, Donald D.,$edonor$9LOCAL

