=LDR  00624nam a2200181Mi 4500
=008  \\\\\\s2003\\\\xx\\\\\\\\\\\\000\0\\\\\d
=040  \\$aFDA$beng$cFDA
=035  \\$a(FSUSCA)Horward_Row_2_Section_9_1456
=245  00$aNapoleon's Road to Glory /$cJ. David Markam
=264  \1$a[Place of publication not identified] :$bBrassey's,$c2003
=300  \\$avolume
=336  \\$atext$btxt$2rdacontent
=337  \\$aunmediated$bn$2rdamedia
=338  \\$avolume$bnc$2rdacarrier
=500  \\$aTitle on spreadsheet: "Napoleon's Road to Glory"
=590  \\$aHorward Collection$9LOCAL
=700  1\$aMarkam, J. David
=936  1\$aHorward, Donald D.,$edonor$9LOCAL

