=LDR  00649nam a2200181Mi 4500
=008  \\\\\\s1958\\\\xx\\\\\\\\\\\\000\0\\\\\d
=040  \\$aFDA$beng$cFDA
=035  \\$a(FSUSCA)Horward_Row_2_Section_7_1170
=245  00$aNapoleon's Russian Campaign /$cPhilippe-Paul de Segur
=264  \1$a[Place of publication not identified] :$bMichael Joseph,$c1958
=300  \\$avolume
=336  \\$atext$btxt$2rdacontent
=337  \\$aunmediated$bn$2rdamedia
=338  \\$avolume$bnc$2rdacarrier
=500  \\$aTitle on spreadsheet: "Napoleon's Russian Campaign"
=590  \\$aHorward Collection$9LOCAL
=700  1\$ade Segur, Philippe-Paul
=936  1\$aHorward, Donald D.,$edonor$9LOCAL

