=LDR  00648nam a2200181Mi 4500
=008  \\\\\\s1914\\\\xx\\\\\\\\\\\\000\0\\\\\d
=040  \\$aFDA$beng$cFDA
=035  \\$a(FSUSCA)Horward_Row_2_Section_11_1845
=245  00$aNapoleon's Russian Campaign of 1812 /$cEdward Foord
=264  \1$a[Place of publication not identified] :$bPaternoster Row,$c1914
=300  \\$avolume
=336  \\$atext$btxt$2rdacontent
=337  \\$aunmediated$bn$2rdamedia
=338  \\$avolume$bnc$2rdacarrier
=500  \\$aTitle on spreadsheet: "Napoleon's Russian Campaign of 1812 "
=590  \\$aHorward Collection$9LOCAL
=700  1\$aFoord, Edward
=936  1\$aHorward, Donald D.,$edonor$9LOCAL

