=LDR  00736nam a2200193Mi 4500
=008  \\\\\\s1990\\\\xx\\\\\\\\\\\\000\0\\\\\d
=040  \\$aFDA$beng$cFDA
=035  \\$a(FSUSCA)Horward_Row_2_Section_10_1741
=245  00$aNapoleon's Satellite Kingdom, Managing Conquered Peoples /$cOwen Connelly
=264  \1$a[Place of publication not identified] :$bRobert E. Krieger Publishing Company,$c1990
=300  \\$avolume
=336  \\$atext$btxt$2rdacontent
=337  \\$aunmediated$bn$2rdamedia
=338  \\$avolume$bnc$2rdacarrier
=500  \\$aTitle on spreadsheet: "Napoleon's Satellite Kingdom: Managing Conquered Peoples"
=500  \\$aSigned.
=590  \\$aHorward Collection$9LOCAL
=700  1\$aConnelly, Owen
=936  1\$aHorward, Donald D.,$edonor$9LOCAL

