=LDR  00636nam a2200181Mi 4500
=008  \\\\\\s1969\\\\xx\\\\\\\\\\\\000\0\\\\\d
=040  \\$aFDA$beng$cFDA
=035  \\$a(FSUSCA)Horward_Row_2_Section_8_1301
=245  00$aNapoleon's Satellite Kingdoms /$cOwen Connelly
=264  \1$a[Place of publication not identified] :$bThe Free Press,$c1969
=300  \\$avolume
=336  \\$atext$btxt$2rdacontent
=337  \\$aunmediated$bn$2rdamedia
=338  \\$avolume$bnc$2rdacarrier
=500  \\$aTitle on spreadsheet: "Napoleon's Satellite Kingdoms "
=590  \\$aHorward Collection$9LOCAL
=700  1\$aConnelly, Owen
=936  1\$aHorward, Donald D.,$edonor$9LOCAL

