=LDR  00612nam a2200181Mi 4500
=008  \\\\\\s1966\\\\xx\\\\\\\\\\\\000\0\\\\\d
=040  \\$aFDA$beng$cFDA
=035  \\$a(FSUSCA)Horward_Row_4_Section_6_2187
=245  00$aNapoleon's Viceroy /$cCarola Oman
=264  \1$a[Place of publication not identified] :$bFunk and Wagnalls,$c1966
=300  \\$avolume
=336  \\$atext$btxt$2rdacontent
=337  \\$aunmediated$bn$2rdamedia
=338  \\$avolume$bnc$2rdacarrier
=500  \\$aTitle on spreadsheet: "Napoleon's Viceroy"
=590  \\$aHorward Collection$9LOCAL
=700  1\$aOman, Carola
=936  1\$aHorward, Donald D.,$edonor$9LOCAL

