=LDR  00661nam a2200181Mi 4500
=008  \\\\\\s1966\\\\xx\\\\\\\\\\\\000\0\\\\\d
=040  \\$aFDA$beng$cFDA
=035  \\$a(FSUSCA)Horward_Row_2_Section_2_216
=245  00$aNapoleon's Viceroy, Eugene de Beauharnais /$cCarola Oman
=264  \1$a[Place of publication not identified] :$bHodder and Stoughton,$c1966
=300  \\$avolume
=336  \\$atext$btxt$2rdacontent
=337  \\$aunmediated$bn$2rdamedia
=338  \\$avolume$bnc$2rdacarrier
=500  \\$aTitle on spreadsheet: "Napoleon's Viceroy: Eugene de Beauharnais "
=590  \\$aHorward Collection$9LOCAL
=700  1\$aOman, Carola
=936  1\$aHorward, Donald D.,$edonor$9LOCAL

