=LDR  00639nam a2200193Mi 4500
=008  \\\\\\s2007\\\\xx\\\\\\\\\\\\000\0\\\\\d
=040  \\$aFDA$beng$cFDA
=035  \\$a(FSUSCA)Horward_Row_2_Section_7_1257
=245  00$aNapoleon's Wars /$cCharles Esdaile
=264  \1$a[Place of publication not identified] :$bPenguin Books,$c2007
=300  \\$avolume
=336  \\$atext$btxt$2rdacontent
=337  \\$aunmediated$bn$2rdamedia
=338  \\$avolume$bnc$2rdacarrier
=500  \\$aTitle on spreadsheet: "Napoleon's Wars"
=500  \\$aAutographed.
=590  \\$aHorward Collection$9LOCAL
=700  1\$aEsdaile, Charles
=936  1\$aHorward, Donald D.,$edonor$9LOCAL

