=LDR  00639nam a2200193Mi 4500
=008  \\\\\\s1952\\\\xx\\\\\\\\\\\\000\0\\\\\d
=040  \\$aFDA$beng$cFDA
=035  \\$a(FSUSCA)Horward_Row_4_Section_8_2661
=245  00$aNapoleon a Fontainebleau /$cTerrasse
=264  \1$a[Place of publication not identified] :$bGrasset,$c1952
=300  \\$avolume
=336  \\$atext$btxt$2rdacontent
=337  \\$aunmediated$bn$2rdamedia
=338  \\$avolume$bnc$2rdacarrier
=500  \\$aTitle on spreadsheet: "Napoleon a Fontainebleau"
=500  \\$aCustom binding.
=590  \\$aHorward Collection$9LOCAL
=700  1\$aTerrasse
=936  1\$aHorward, Donald D.,$edonor$9LOCAL

