=LDR  00656nam a2200205Mi 4500
=008  \\\\\\s1929\\\\xx\\\\\\\\\\\\000\0\\\\\d
=040  \\$aFDA$beng$cFDA
=035  \\$a(FSUSCA)Horward_Row_4_Section_8_2631
=245  00$aNapoleon A Laffrey /$cFaure and Deleon
=264  \1$a[Place of publication not identified] :$bDardelet,$c1929
=300  \\$avolume
=336  \\$atext$btxt$2rdacontent
=337  \\$aunmediated$bn$2rdamedia
=338  \\$avolume$bnc$2rdacarrier
=500  \\$aTitle on spreadsheet: "Napoleon A Laffrey"
=500  \\$aCustom binding.
=590  \\$aHorward Collection$9LOCAL
=700  1\$aFaure
=700  1\$aDeleon
=936  1\$aHorward, Donald D.,$edonor$9LOCAL

