=LDR  00691nam a2200205Mi 4500
=008  \\\\\\s1929\\\\xx\\\\\\\\\\\\000\0\\\\\d
=040  \\$aFDA$beng$cFDA
=035  \\$a(FSUSCA)Horward_Row_2_Section_1_128
=245  00$aNapoleon A Lafrey /$cFaure, Gabriel and Deleon, Marcel
=264  \1$a[Place of publication not identified] :$bEditions F. Dardelet,$c1929
=300  \\$avolume
=336  \\$atext$btxt$2rdacontent
=337  \\$aunmediated$bn$2rdamedia
=338  \\$avolume$bnc$2rdacarrier
=500  \\$aTitle on spreadsheet: "Napoleon A Lafrey"
=500  \\$aSigned.
=590  \\$aHorward Collection$9LOCAL
=700  1\$aFaure, Gabriel
=700  1\$aDeleon, Marcel
=936  1\$aHorward, Donald D.,$edonor$9LOCAL

