=LDR  00756nam a2200181Mi 4500
=008  \\\\\\s1979\\\\xx\\\\\\\\\\\\000\0\\\\\d
=040  \\$aFDA$beng$cFDA
=035  \\$a(FSUSCA)Horward_Row_2_Section_2_212
=245  00$aNapoleon and Clio, Histoical Writing, Teaching, and thinking During The First Empire /$cJune K. Burton
=264  \1$a[Place of publication not identified] :$bCarolina Academic Press,$c1979
=300  \\$avolume
=336  \\$atext$btxt$2rdacontent
=337  \\$aunmediated$bn$2rdamedia
=338  \\$avolume$bnc$2rdacarrier
=500  \\$aTitle on spreadsheet: "Napoleon and Clio: Histoical Writing, Teaching, and thinking During The First Empire "
=590  \\$aHorward Collection$9LOCAL
=700  1\$aBurton, June K.
=936  1\$aHorward, Donald D.,$edonor$9LOCAL

