=LDR  00673nam a2200181Mi 4500
=008  \\\\\\s2005\\\\xx\\\\\\\\\\\\000\0\\\\\d
=040  \\$aFDA$beng$cFDA
=035  \\$a(FSUSCA)Horward_Row_2_Section_8_1292
=245  00$aNapoleon and Doctor Verling on St. Helena /$cJ. David Markham
=264  \1$a[Place of publication not identified] :$bPen and Sword Military,$c2005
=300  \\$avolume
=336  \\$atext$btxt$2rdacontent
=337  \\$aunmediated$bn$2rdamedia
=338  \\$avolume$bnc$2rdacarrier
=500  \\$aTitle on spreadsheet: "Napoleon and Doctor Verling on St. Helena"
=590  \\$aHorward Collection$9LOCAL
=700  1\$aMarkham, J. David
=936  1\$aHorward, Donald D.,$edonor$9LOCAL

