=LDR  00651nam a2200181Mi 4500
=008  \\\\\\s1962\\\\xx\\\\\\\\\\\\000\0\\\\\d
=040  \\$aFDA$beng$cFDA
=035  \\$a(FSUSCA)Horward_Row_2_Section_6_1074
=245  00$aNapoleon and His British Captives /$cMichael Lewis
=264  \1$a[Place of publication not identified] :$bGeorge Allen and Unwin,$c1962
=300  \\$avolume
=336  \\$atext$btxt$2rdacontent
=337  \\$aunmediated$bn$2rdamedia
=338  \\$avolume$bnc$2rdacarrier
=500  \\$aTitle on spreadsheet: "Napoleon and His British Captives"
=590  \\$aHorward Collection$9LOCAL
=700  1\$aLewis, Michael
=936  1\$aHorward, Donald D.,$edonor$9LOCAL

