=LDR  00635nam a2200181Mi 4500
=008  \\\\\\s1911\\\\xx\\\\\\\\\\\\000\0\\\\\d
=040  \\$aFDA$beng$cFDA
=035  \\$a(FSUSCA)Horward_Row_2_Section_1_93
=245  00$aNapoleon and his Coronation /$cMasson, Frederic
=264  \1$a[Place of publication not identified] :$bT. Fisher Unwin,$c1911
=300  \\$avolume
=336  \\$atext$btxt$2rdacontent
=337  \\$aunmediated$bn$2rdamedia
=338  \\$avolume$bnc$2rdacarrier
=500  \\$aTitle on spreadsheet: "Napoleon and his Coronation"
=590  \\$aHorward Collection$9LOCAL
=700  1\$aMasson, Frederic
=936  1\$aHorward, Donald D.,$edonor$9LOCAL

