=LDR  00622nam a2200181Mi 4500
=008  \\\\\\s1965\\\\xx\\\\\\\\\\\\000\0\\\\\d
=040  \\$aFDA$beng$cFDA
=035  \\$a(FSUSCA)Horward_Row_2_Section_7_1205
=245  00$aNapoleon and his Ladies /$cGuy Breton
=264  \1$a[Place of publication not identified] :$bRobert Hale Limited,$c1965
=300  \\$avolume
=336  \\$atext$btxt$2rdacontent
=337  \\$aunmediated$bn$2rdamedia
=338  \\$avolume$bnc$2rdacarrier
=500  \\$aTitle on spreadsheet: "Napoleon and his Ladies"
=590  \\$aHorward Collection$9LOCAL
=700  1\$aBreton, Guy
=936  1\$aHorward, Donald D.,$edonor$9LOCAL

