=LDR  00691nam a2200181Mi 4500
=008  \\\\\\s1988\\\\xx\\\\\\\\\\\\000\0\\\\\d
=040  \\$aFDA$beng$cFDA
=035  \\$a(FSUSCA)Horward_Row_4_Section_7_2471
=245  00$aNapoleon and His Parents, On the Threshold of History /$cDorothy Carrington
=264  \1$a[Place of publication not identified] :$bDutton Press,$c1988
=300  \\$avolume
=336  \\$atext$btxt$2rdacontent
=337  \\$aunmediated$bn$2rdamedia
=338  \\$avolume$bnc$2rdacarrier
=500  \\$aTitle on spreadsheet: "Napoleon and His Parents: On the Threshold of History"
=590  \\$aHorward Collection$9LOCAL
=700  1\$aCarrington, Dorothy
=936  1\$aHorward, Donald D.,$edonor$9LOCAL

