=LDR  00740nam a2200193Mi 4500
=008  \\\\\\s1989\\\\xx\\\\\\\\\\\\000\0\\\\\d
=040  \\$aFDA$beng$cFDA
=035  \\$a(FSUSCA)Horward_Row_4_Section_6_2276
=245  00$aNapoleon and His Times, Selected Interpretations /$cFrank A. Kafker and James M. Laux
=264  \1$a[Place of publication not identified] :$bRobert E. Krieger Publishing,$c1989
=300  \\$avolume
=336  \\$atext$btxt$2rdacontent
=337  \\$aunmediated$bn$2rdamedia
=338  \\$avolume$bnc$2rdacarrier
=500  \\$aTitle on spreadsheet: "Napoleon and His Times: Selected Interpretations"
=590  \\$aHorward Collection$9LOCAL
=700  1\$aKafker, Frank A.
=700  1\$aLaux, James M.
=936  1\$aHorward, Donald D.,$edonor$9LOCAL

