=LDR  00777nam a2200193Mi 4500
=008  \\\\\\s1984\\\\xx\\\\\\\\\\\\000\0\\\\\d
=040  \\$aFDA$beng$cFDA
=035  \\$a(FSUSCA)Horward_Row_2_Section_3_409
=245  00$aNapoleon and Iberia - The Twin Sieges of Ciudad Rodrigo and Almeida, 1810 /$cDonald D. Horward
=264  \1$a[Place of publication not identified] :$bUniversity Presses of Florida,$c1984
=300  \\$avolume
=336  \\$atext$btxt$2rdacontent
=337  \\$aunmediated$bn$2rdamedia
=338  \\$avolume$bnc$2rdacarrier
=500  \\$aTitle on spreadsheet: "Napoleon and Iberia - The Twin Sieges of Ciudad Rodrigo and Almeida, 1810"
=500  \\$aCustom binding.
=590  \\$aHorward Collection$9LOCAL
=700  1\$aHorward, Donald D.
=936  1\$aHorward, Donald D.,$edonor$9LOCAL

