=LDR  00670nam a2200181Mi 4500
=008  \\\\\\s1995\\\\xx\\\\\\\\\\\\000\0\\\\\d
=040  \\$aFDA$beng$cFDA
=035  \\$a(FSUSCA)Horward_Row_2_Section_11_1960
=245  00$aNapoleon and Josephine, An Improbable Marriage /$cEvangeline Bruce
=264  \1$a[Place of publication not identified] :$bScribner,$c1995
=300  \\$avolume
=336  \\$atext$btxt$2rdacontent
=337  \\$aunmediated$bn$2rdamedia
=338  \\$avolume$bnc$2rdacarrier
=500  \\$aTitle on spreadsheet: "Napoleon and Josephine: An Improbable Marriage"
=590  \\$aHorward Collection$9LOCAL
=700  1\$aBruce, Evangeline
=936  1\$aHorward, Donald D.,$edonor$9LOCAL

