=LDR  00649nam a2200181Mi 4500
=008  \\\\\\s1959\\\\xx\\\\\\\\\\\\000\0\\\\\d
=040  \\$aFDA$beng$cFDA
=035  \\$a(FSUSCA)Horward_Row_2_Section_6_1046
=245  00$aNapoleon and Mademoiselle George /$cEdith Saunders
=264  \1$a[Place of publication not identified] :$bE. P. Dutton and Co.,$c1959
=300  \\$avolume
=336  \\$atext$btxt$2rdacontent
=337  \\$aunmediated$bn$2rdamedia
=338  \\$avolume$bnc$2rdacarrier
=500  \\$aTitle on spreadsheet: "Napoleon and Mademoiselle George"
=590  \\$aHorward Collection$9LOCAL
=700  1\$aSaunders, Edith
=936  1\$aHorward, Donald D.,$edonor$9LOCAL

