=LDR  00671nam a2200181Mi 4500
=008  \\\\\\s1970\\\\xx\\\\\\\\\\\\000\0\\\\\d
=040  \\$aFDA$beng$cFDA
=035  \\$a(FSUSCA)Horward_Row_2_Section_8_1376
=245  00$aNapoleon and Paris Thirty Years of History /$cMaurice Guerrini
=264  \1$a[Place of publication not identified] :$bWalker and Company,$c1970
=300  \\$avolume
=336  \\$atext$btxt$2rdacontent
=337  \\$aunmediated$bn$2rdamedia
=338  \\$avolume$bnc$2rdacarrier
=500  \\$aTitle on spreadsheet: "Napoleon and Paris Thirty Years of History"
=590  \\$aHorward Collection$9LOCAL
=700  1\$aGuerrini, Maurice
=936  1\$aHorward, Donald D.,$edonor$9LOCAL

