=LDR  00727nam a2200193Mi 4500
=008  \\\\\\s1996\\\\xx\\\\\\\\\\\\000\0\\\\\d
=040  \\$aFDA$beng$cFDA
=035  \\$a(FSUSCA)Horward_Row_2_Section_11_1871
=245  00$aNapoleon and Pozzo di Borgo in Corsca and After, 1764-1821 /$cJ.M.P. McErlean
=264  \1$a[Place of publication not identified] :$bEdwin Mellen Press,$c1996
=300  \\$avolume
=336  \\$atext$btxt$2rdacontent
=337  \\$aunmediated$bn$2rdamedia
=338  \\$avolume$bnc$2rdacarrier
=500  \\$aTitle on spreadsheet: "Napoleon and Pozzo di Borgo in Corsca and After, 1764-1821"
=500  \\$aInvoice.
=590  \\$aHorward Collection$9LOCAL
=700  1\$aMcErlean, J.M.P.
=936  1\$aHorward, Donald D.,$edonor$9LOCAL

