=LDR  00630nam a2200181Mi 4500
=008  \\\\\\s1937\\\\xx\\\\\\\\\\\\000\0\\\\\d
=040  \\$aFDA$beng$cFDA
=035  \\$a(FSUSCA)Horward_Row_2_Section_8_1436
=245  00$aNapoleon and Talleyrand /$cEmile Dard
=264  \1$a[Place of publication not identified] :$bD.Appleton-Century Company,$c1937
=300  \\$avolume
=336  \\$atext$btxt$2rdacontent
=337  \\$aunmediated$bn$2rdamedia
=338  \\$avolume$bnc$2rdacarrier
=500  \\$aTitle on spreadsheet: "Napoleon and Talleyrand "
=590  \\$aHorward Collection$9LOCAL
=700  1\$aDard, Emile
=936  1\$aHorward, Donald D.,$edonor$9LOCAL

