=LDR  00652nam a2200181Mi 4500
=008  \\\\\\s1981\\\\xx\\\\\\\\\\\\000\0\\\\\d
=040  \\$aFDA$beng$cFDA
=035  \\$a(FSUSCA)Horward_Row_2_Section_8_1374
=245  00$aNapoleon and the American Dream /$cInes Murat
=264  \1$a[Place of publication not identified] :$bLouisiana State University Press,$c1981
=300  \\$avolume
=336  \\$atext$btxt$2rdacontent
=337  \\$aunmediated$bn$2rdamedia
=338  \\$avolume$bnc$2rdacarrier
=500  \\$aTitle on spreadsheet: "Napoleon and the American Dream "
=590  \\$aHorward Collection$9LOCAL
=700  1\$aMurat, Ines
=936  1\$aHorward, Donald D.,$edonor$9LOCAL

