=LDR  00718nam a2200181Mi 4500
=008  \\\\\\s2006\\\\xx\\\\\\\\\\\\000\0\\\\\d
=040  \\$aFDA$beng$cFDA
=035  \\$a(FSUSCA)Horward_Row_2_Section_9_1585
=245  00$aNapoleon and the First Empire's Ministries of War and Military Adminsitration /$cDague
=264  \1$a[Place of publication not identified] :$bEdwin Mellen Press,$c2006
=300  \\$avolume
=336  \\$atext$btxt$2rdacontent
=337  \\$aunmediated$bn$2rdamedia
=338  \\$avolume$bnc$2rdacarrier
=500  \\$aTitle on spreadsheet: "Napoleon and the First Empire's Ministries of War and Military Adminsitration"
=590  \\$aHorward Collection$9LOCAL
=700  1\$aDague
=936  1\$aHorward, Donald D.,$edonor$9LOCAL

