=LDR  00617nam a2200181Mi 4500
=008  \\\\\\s1976\\\\xx\\\\\\\\\\\\000\0\\\\\d
=040  \\$aFDA$beng$cFDA
=035  \\$a(FSUSCA)Horward_Row_4_Section_7_2369
=245  00$aNapoleon and the Jews /$cFranz Kobler
=264  \1$a[Place of publication not identified] :$bSchocken Books,$c1976
=300  \\$avolume
=336  \\$atext$btxt$2rdacontent
=337  \\$aunmediated$bn$2rdamedia
=338  \\$avolume$bnc$2rdacarrier
=500  \\$aTitle on spreadsheet: "Napoleon and the Jews"
=590  \\$aHorward Collection$9LOCAL
=700  1\$aKobler, Franz
=936  1\$aHorward, Donald D.,$edonor$9LOCAL

