=LDR  00655nam a2200193Mi 4500
=008  \\\\\\s1962\\\\xx\\\\\\\\\\\\000\0\\\\\d
=040  \\$aFDA$beng$cFDA
=035  \\$a(FSUSCA)Horward_Row_2_Section_1_89
=245  00$aNapoleon and the Pope /$cHales, E.E.Y.
=264  \1$a[Place of publication not identified] :$bEarle and Spottiswood,$c1962
=300  \\$avolume
=336  \\$atext$btxt$2rdacontent
=337  \\$aunmediated$bn$2rdamedia
=338  \\$avolume$bnc$2rdacarrier
=500  \\$aTitle on spreadsheet: "Napoleon and the Pope"
=500  \\$aLoose ephemera.
=590  \\$aHorward Collection$9LOCAL
=700  1\$aHales, E.E.Y.
=936  1\$aHorward, Donald D.,$edonor$9LOCAL

