=LDR  00794nam a2200181Mi 4500
=008  \\\\\\s1977\\\\xx\\\\\\\\\\\\000\0\\\\\d
=040  \\$aFDA$beng$cFDA
=035  \\$a(FSUSCA)Horward_Row_2_Section_2_182
=245  00$aNapoleon and the Restoration of the Bourbons, The completed portion of the Macaulay's projected /$cedited by Joseph Hamburger
=264  \1$a[Place of publication not identified] :$bColumbia University Press,$c1977
=300  \\$avolume
=336  \\$atext$btxt$2rdacontent
=337  \\$aunmediated$bn$2rdamedia
=338  \\$avolume$bnc$2rdacarrier
=500  \\$aTitle on spreadsheet: "Napoleon and the Restoration of the Bourbons: The completed portion of the Macaulay's projected "
=590  \\$aHorward Collection$9LOCAL
=700  1\$aHamburger, Joseph
=936  1\$aHorward, Donald D.,$edonor$9LOCAL

