=LDR  00671nam a2200193Mi 4500
=008  \\\\\\s2015\\\\xx\\\\\\\\\\\\000\0\\\\\d
=040  \\$aFDA$beng$cFDA
=035  \\$a(FSUSCA)Horward_Row_2_Section_9_1586
=245  00$aNapoleon and the Struggle for Germany$nVol 1 /$cLeggiere
=264  \1$a[Place of publication not identified] :$bCambridge,$c2015
=300  \\$avolume
=336  \\$atext$btxt$2rdacontent
=337  \\$aunmediated$bn$2rdamedia
=338  \\$avolume$bnc$2rdacarrier
=500  \\$aTitle on spreadsheet: "Napoleon and the Struggle for Germany"
=500  \\$aAutographed.
=590  \\$aHorward Collection$9LOCAL
=700  1\$aLeggiere
=936  1\$aHorward, Donald D.,$edonor$9LOCAL

