=LDR  00690nam a2200193Mi 4500
=008  \\\\\\s2003\\\\xx\\\\\\\\\\\\000\0\\\\\d
=040  \\$aFDA$beng$cFDA
=035  \\$a(FSUSCA)Horward_Row_2_Section_10_1815
=245  00$aNapoleon and the Transformation of Europe /$cAlexander Grab
=264  \1$a[Place of publication not identified] :$bPalgrave-Macmillan,$c2003
=300  \\$avolume
=336  \\$atext$btxt$2rdacontent
=337  \\$aunmediated$bn$2rdamedia
=338  \\$avolume$bnc$2rdacarrier
=500  \\$aTitle on spreadsheet: "Napoleon and the Transformation of Europe"
=500  \\$aSigned.
=590  \\$aHorward Collection$9LOCAL
=700  1\$aGrab, Alexander
=936  1\$aHorward, Donald D.,$edonor$9LOCAL

