=LDR  00747nam a2200181Mi 4500
=008  \\\\\\s1939\\\\xx\\\\\\\\\\\\000\0\\\\\d
=040  \\$aFDA$beng$cFDA
=035  \\$a(FSUSCA)Horward_Row_2_Section_11_1909
=245  00$aNapoleon and Waterloo, The Emperor's Campaign with the Armee du Nord 1815 /$cMajor A. F. Becke
=264  \1$a[Place of publication not identified] :$bKegan Paul, Trench, Trubner and Co.,$c1939
=300  \\$avolume
=336  \\$atext$btxt$2rdacontent
=337  \\$aunmediated$bn$2rdamedia
=338  \\$avolume$bnc$2rdacarrier
=500  \\$aTitle on spreadsheet: "Napoleon and Waterloo: The Emperor's Campaign with the Armee du Nord 1815"
=590  \\$aHorward Collection$9LOCAL
=700  1\$aBecke, A. F.
=936  1\$aHorward, Donald D.,$edonor$9LOCAL

