=LDR  00638nam a2200181Mi 4500
=008  \\\\\\s1939\\\\xx\\\\\\\\\\\\000\0\\\\\d
=040  \\$aFDA$beng$cFDA
=035  \\$a(FSUSCA)Horward_Row_2_Section_6_1078
=245  00$aNapoleon and Wellington /$cLt.-Col. Charles O. Head
=264  \1$a[Place of publication not identified] :$bRobert Hale Ltd.,$c1939
=300  \\$avolume
=336  \\$atext$btxt$2rdacontent
=337  \\$aunmediated$bn$2rdamedia
=338  \\$avolume$bnc$2rdacarrier
=500  \\$aTitle on spreadsheet: "Napoleon and Wellington"
=590  \\$aHorward Collection$9LOCAL
=700  1\$aHead, Charles O.
=936  1\$aHorward, Donald D.,$edonor$9LOCAL

