=LDR  00697nam a2200181Mi 4500
=008  \\\\\\suuuu\\\\xx\\\\\\\\\\\\000\0\\\\\d
=040  \\$aFDA$beng$cFDA
=035  \\$a(FSUSCA)Horward_Row_2_Section_5_889
=245  00$aNapoleon as a General$nVolume 2 /$cCount Yorck von Wartenburg
=264  \1$a[Place of publication not identified] :$b[publisher not identified],$c[date of publication not identified]
=300  \\$avolume
=336  \\$atext$btxt$2rdacontent
=337  \\$aunmediated$bn$2rdamedia
=338  \\$avolume$bnc$2rdacarrier
=500  \\$aTitle on spreadsheet: "Napoleon as a General"
=590  \\$aHorward Collection$9LOCAL
=700  1\$aCount Yorck Von Wartenburg
=936  1\$aHorward, Donald D.,$edonor$9LOCAL

