=LDR  00604nam a2200181Mi 4500
=008  \\\\\\s1898\\\\xx\\\\\\\\\\\\000\0\\\\\d
=040  \\$aFDA$beng$cFDA
=035  \\$a(FSUSCA)Horward_Row_4_Section_8_2651
=245  00$aNapoleon A Sainte-Helene /$cBalcombe
=264  \1$a[Place of publication not identified] :$bPlon,$c1898
=300  \\$avolume
=336  \\$atext$btxt$2rdacontent
=337  \\$aunmediated$bn$2rdamedia
=338  \\$avolume$bnc$2rdacarrier
=500  \\$aTitle on spreadsheet: "Napoleon A Sainte-Helene"
=590  \\$aHorward Collection$9LOCAL
=700  1\$aBalcombe
=936  1\$aHorward, Donald D.,$edonor$9LOCAL

