=LDR  00665nam a2200193Mi 4500
=008  \\\\\\s1855\\\\xx\\\\\\\\\\\\000\0\\\\\d
=040  \\$aFDA$beng$cFDA
=035  \\$a(FSUSCA)Horward_Row_2_Section_3_500
=245  00$aNapoleon at St. Helena /$cJohn S. C. Abbott
=264  \1$a[Place of publication not identified] :$bHarper and Brothers,$c1855
=300  \\$avolume
=336  \\$atext$btxt$2rdacontent
=337  \\$aunmediated$bn$2rdamedia
=338  \\$avolume$bnc$2rdacarrier
=500  \\$aTitle on spreadsheet: "Napoleon at St. Helena"
=500  \\$aCustom binding.
=590  \\$aHorward Collection$9LOCAL
=700  1\$aAbbott, John S. C.
=936  1\$aHorward, Donald D.,$edonor$9LOCAL

