=LDR  00782nam a2200181Mi 4500
=008  \\\\\\s1955\\\\xx\\\\\\\\\\\\000\0\\\\\d
=040  \\$aFDA$beng$cFDA
=035  \\$a(FSUSCA)Horward_Row_4_Section_7_2530
=245  00$aNapoleon Banished, The Journeys to St. Helena in the Letters and Journals of Two British Naval Officers /$cNelson Mills
=264  \1$a[Place of publication not identified] :$bMiniature Books,$c1955
=300  \\$avolume
=336  \\$atext$btxt$2rdacontent
=337  \\$aunmediated$bn$2rdamedia
=338  \\$avolume$bnc$2rdacarrier
=500  \\$aTitle on spreadsheet: "Napoleon Banished: The Journeys to St. Helena in the Letters and Journals of Two British Naval Officers"
=590  \\$aHorward Collection$9LOCAL
=700  1\$aMills, Nelson
=936  1\$aHorward, Donald D.,$edonor$9LOCAL

