=LDR  00707nam a2200181Mi 4500
=008  \\\\\\s1949\\\\xx\\\\\\\\\\\\000\0\\\\\d
=040  \\$aFDA$beng$cFDA
=035  \\$a(FSUSCA)Horward_Row_2_Section_1_67
=245  00$aNapoleon Bonaparte /$cla Societe des Amis du Musee de l"Armee a l'Hotel des Invalides
=264  \1$a[Place of publication not identified] :$bMai-Octobre,$c1949
=300  \\$avolume
=336  \\$atext$btxt$2rdacontent
=337  \\$aunmediated$bn$2rdamedia
=338  \\$avolume$bnc$2rdacarrier
=500  \\$aTitle on spreadsheet: "Napoleon Bonaparte"
=590  \\$aHorward Collection$9LOCAL
=710  2\$ala Societe des Amis du Musee de l'Armee a l'Hotel des Invalides
=936  1\$aHorward, Donald D.,$edonor$9LOCAL

