=LDR  00663nam a2200181Mi 4500
=008  \\\\\\s1969\\\\xx\\\\\\\\\\\\000\0\\\\\d
=040  \\$aFDA$beng$cFDA
=035  \\$a(FSUSCA)Horward_Row_2_Section_1_140
=245  00$aNapoleon Bonaparte L'Oeuvre et L'Histoire /$cMassin, Jean
=264  \1$a[Place of publication not identified] :$bClub Francais de Livre,$c1969
=300  \\$avolume
=336  \\$atext$btxt$2rdacontent
=337  \\$aunmediated$bn$2rdamedia
=338  \\$avolume$bnc$2rdacarrier
=500  \\$aTitle on spreadsheet: "Napoleon Bonaparte L'Oeuvre et L'Histoire"
=590  \\$aHorward Collection$9LOCAL
=700  1\$aMassin, Jean
=936  1\$aHorward, Donald D.,$edonor$9LOCAL

