=LDR  00647nam a2200193Mi 4500
=008  \\\\\\s1952\\\\xx\\\\\\\\\\\\000\0\\\\\d
=040  \\$aFDA$beng$cFDA
=035  \\$a(FSUSCA)Horward_Row_2_Section_1_104
=245  00$aNapoleon Chez Lui /$cMasson, Frederic
=264  \1$a[Place of publication not identified] :$bArtheme Fayard,$c1952
=300  \\$avolume
=336  \\$atext$btxt$2rdacontent
=337  \\$aunmediated$bn$2rdamedia
=338  \\$avolume$bnc$2rdacarrier
=500  \\$aTitle on spreadsheet: "Napoleon Chez Lui"
=500  \\$aCustom binding.
=590  \\$aHorward Collection$9LOCAL
=700  1\$aMasson, Frederic
=936  1\$aHorward, Donald D.,$edonor$9LOCAL

