=LDR  00702nam a2200205Mi 4500
=008  \\\\\\s1939\\\\xx\\\\\\\\\\\\000\0\\\\\d
=040  \\$aFDA$beng$cFDA
=035  \\$a(FSUSCA)Horward_Row_2_Section_3_446
=245  00$aNapoleon Colonial /$cMaurice Besson et Robert Chauvelot
=264  \1$a[Place of publication not identified] :$bSociete D'Editions,$c1939
=300  \\$avolume
=336  \\$atext$btxt$2rdacontent
=337  \\$aunmediated$bn$2rdamedia
=338  \\$avolume$bnc$2rdacarrier
=500  \\$aTitle on spreadsheet: "Napoleon Colonial"
=500  \\$aCustom binding.
=590  \\$aHorward Collection$9LOCAL
=700  1\$aBesson, Maurice
=700  1\$aChauvelot, Robert
=936  1\$aHorward, Donald D.,$edonor$9LOCAL

