=LDR  00633nam a2200181Mi 4500
=008  \\\\\\s1967\\\\xx\\\\\\\\\\\\000\0\\\\\d
=040  \\$aFDA$beng$cFDA
=035  \\$a(FSUSCA)Horward_Row_4_Section_6_2322
=245  00$aNapoleon Controverse /$cRobert Christophe
=264  \1$a[Place of publication not identified] :$bEditions France-Empire,$c1967
=300  \\$avolume
=336  \\$atext$btxt$2rdacontent
=337  \\$aunmediated$bn$2rdamedia
=338  \\$avolume$bnc$2rdacarrier
=500  \\$aTitle on spreadsheet: "Napoleon Controverse"
=590  \\$aHorward Collection$9LOCAL
=700  1\$aChristophe, Robert
=936  1\$aHorward, Donald D.,$edonor$9LOCAL

