=LDR  00663nam a2200181Mi 4500
=008  \\\\\\s1997\\\\xx\\\\\\\\\\\\000\0\\\\\d
=040  \\$aFDA$beng$cFDA
=035  \\$a(FSUSCA)Horward_Row_4_Section_5_2104
=245  00$aNapoleone e la Lombardia Nel Triennio Giacobino /$cLuigi Samarati
=264  \1$a[Place of publication not identified] :$bLodi,$c1997
=300  \\$avolume
=336  \\$atext$btxt$2rdacontent
=337  \\$aunmediated$bn$2rdamedia
=338  \\$avolume$bnc$2rdacarrier
=500  \\$aTitle on spreadsheet: "Napoleone e la Lombardia Nel Triennio Giacobino"
=590  \\$aHorward Collection$9LOCAL
=700  1\$aSamarati, Luigi
=936  1\$aHorward, Donald D.,$edonor$9LOCAL

