=LDR  00631nam a2200181Mi 4500
=008  \\\\\\s1999\\\\xx\\\\\\\\\\\\000\0\\\\\d
=040  \\$aFDA$beng$cFDA
=035  \\$a(FSUSCA)Horward_Row_2_Section_8_1288
=245  00$aNapoleon est-il mort empoisonne? /$cBen Weider
=264  \1$a[Place of publication not identified] :$bPygmalion,$c1999
=300  \\$avolume
=336  \\$atext$btxt$2rdacontent
=337  \\$aunmediated$bn$2rdamedia
=338  \\$avolume$bnc$2rdacarrier
=500  \\$aTitle on spreadsheet: "Napoleon est-il mort empoisonne? "
=590  \\$aHorward Collection$9LOCAL
=700  1\$aWeider, Ben
=936  1\$aHorward, Donald D.,$edonor$9LOCAL

