=LDR  00751nam a2200193Mi 4500
=008  \\\\\\s1893\\\\xx\\\\\\\\\\\\000\0\\\\\d
=040  \\$aFDA$beng$cFDA
=035  \\$a(FSUSCA)Horward_Row_2_Section_11_1950
=245  00$aNapoleon et Alexandre Ier, L'Alliance Russe Sous Le Premier Empire /$cAlbert Vandal
=264  \1$a[Place of publication not identified] :$bE. Plon, Nourrit et Cie,$c1893
=300  \\$avolume
=336  \\$atext$btxt$2rdacontent
=337  \\$aunmediated$bn$2rdamedia
=338  \\$avolume$bnc$2rdacarrier
=500  \\$aTitle on spreadsheet: "Napoleon et Alexandre Ier: L'Alliance Russe Sous Le Premier Empire"
=500  \\$aCustom binding.
=590  \\$aHorward Collection$9LOCAL
=700  1\$aVandal, Albert
=936  1\$aHorward, Donald D.,$edonor$9LOCAL

