=LDR  00692nam a2200205Mi 4500
=008  \\\\\\s1960\\\\xx\\\\\\\\\\\\000\0\\\\\d
=040  \\$aFDA$beng$cFDA
=035  \\$a(FSUSCA)Horward_Row_2_Section_2_313
=245  00$aNapoleon et Josephine /$cJean Savant
=250  \\$aEdition Integrale 
=264  \1$a[Place of publication not identified] :$bLibrairie Artheme Fayard,$c1960
=300  \\$avolume
=336  \\$atext$btxt$2rdacontent
=337  \\$aunmediated$bn$2rdamedia
=338  \\$avolume$bnc$2rdacarrier
=500  \\$aTitle on spreadsheet: "Napoleon et Josephine "
=500  \\$aCustom binding.
=590  \\$aHorward Collection$9LOCAL
=700  1\$aSavant, Jean
=936  1\$aHorward, Donald D.,$edonor$9LOCAL

