=LDR  00794nam a2200193Mi 4500
=008  \\\\\\s1942\\\\xx\\\\\\\\\\\\000\0\\\\\d
=040  \\$aFDA$beng$cFDA
=035  \\$a(FSUSCA)Horward_Row_2_Section_3_428
=245  00$aNapoleon et L'allemagne, Le Systeme Continental et Les Debuts Du Royaume de Baviere, 1806-1810 /$cMarcel Dunan
=264  \1$a[Place of publication not identified] :$bLibrairie Plon,$c1942
=300  \\$avolume
=336  \\$atext$btxt$2rdacontent
=337  \\$aunmediated$bn$2rdamedia
=338  \\$avolume$bnc$2rdacarrier
=500  \\$aTitle on spreadsheet: "Napoleon et L'allemagne: Le Systeme Continental et Les Debuts Du Royaume de Baviere, 1806-1810"
=500  \\$aCustom binding.
=590  \\$aHorward Collection$9LOCAL
=700  1\$aDunan, Marcel
=936  1\$aHorward, Donald D.,$edonor$9LOCAL

