=LDR  00716nam a2200193Mi 4500
=008  \\\\\\s1922\\\\xx\\\\\\\\\\\\000\0\\\\\d
=040  \\$aFDA$beng$cFDA
=035  \\$a(FSUSCA)Horward_Row_4_Section_6_2287
=245  00$aNapoleon et L'Amerique Espagnole /$cHugo D. Barbagelata
=264  \1$a[Place of publication not identified] :$bInstitutio Historico y Geografico del Uruguay,$c1922
=300  \\$avolume
=336  \\$atext$btxt$2rdacontent
=337  \\$aunmediated$bn$2rdamedia
=338  \\$avolume$bnc$2rdacarrier
=500  \\$aTitle on spreadsheet: "Napoleon et L'Amerique Espagnole"
=500  \\$aCustom binding.
=590  \\$aHorward Collection$9LOCAL
=700  1\$aBarbagelata, Hugo D.
=936  1\$aHorward, Donald D.,$edonor$9LOCAL

