=LDR  00622nam a2200181Mi 4500
=008  \\\\\\s1961\\\\xx\\\\\\\\\\\\000\0\\\\\d
=040  \\$aFDA$beng$cFDA
=035  \\$a(FSUSCA)Horward_Row_4_Section_7_2384
=245  00$aNapoleon et L'Europe /$cMaurice Baumont et. al
=264  \1$a[Place of publication not identified] :$bBrepolis,$c1961
=300  \\$avolume
=336  \\$atext$btxt$2rdacontent
=337  \\$aunmediated$bn$2rdamedia
=338  \\$avolume$bnc$2rdacarrier
=500  \\$aTitle on spreadsheet: "Napoleon et L'Europe"
=590  \\$aHorward Collection$9LOCAL
=700  1\$aBaumont, Maurice
=936  1\$aHorward, Donald D.,$edonor$9LOCAL

