=LDR  00629nam a2200181Mi 4500
=008  \\\\\\s1969\\\\xx\\\\\\\\\\\\000\0\\\\\d
=040  \\$aFDA$beng$cFDA
=035  \\$a(FSUSCA)Horward_Row_4_Section_6_2159
=245  00$aNapoleon et L'Islam /$cGeneral G. Spillman
=264  \1$a[Place of publication not identified] :$bLibrairie Perrin,$c1969
=300  \\$avolume
=336  \\$atext$btxt$2rdacontent
=337  \\$aunmediated$bn$2rdamedia
=338  \\$avolume$bnc$2rdacarrier
=500  \\$aTitle on spreadsheet: "Napoleon et L'Islam"
=590  \\$aHorward Collection$9LOCAL
=700  1\$aSpillman, G.Spillman
=936  1\$aHorward, Donald D.,$edonor$9LOCAL

