=LDR  00654nam a2200193Mi 4500
=008  \\\\\\s1910\\\\xx\\\\\\\\\\\\000\0\\\\\d
=040  \\$aFDA$beng$cFDA
=035  \\$a(FSUSCA)Horward_Row_2_Section_9_1510
=245  00$aNapoleon et la Catalogne /$cPierre Conard
=264  \1$a[Place of publication not identified] :$bFelix Alcan,$c1910
=300  \\$avolume
=336  \\$atext$btxt$2rdacontent
=337  \\$aunmediated$bn$2rdamedia
=338  \\$avolume$bnc$2rdacarrier
=500  \\$aTitle on spreadsheet: "Napoleon et la Catalogne"
=500  \\$aCustom binding.
=590  \\$aHorward Collection$9LOCAL
=700  1\$aConard, Pierre
=936  1\$aHorward, Donald D.,$edonor$9LOCAL

