=LDR  00659nam a2200181Mi 4500
=008  \\\\\\s1969\\\\xx\\\\\\\\\\\\000\0\\\\\d
=040  \\$aFDA$beng$cFDA
=035  \\$a(FSUSCA)Horward_Row_2_Section_4_639
=245  00$aNapoleon et la famille imperiale /$cMusee Fesch
=264  \1$a[Place of publication not identified] :$bMinistere d'etat Affaires Culturelles,$c1969
=300  \\$avolume
=336  \\$atext$btxt$2rdacontent
=337  \\$aunmediated$bn$2rdamedia
=338  \\$avolume$bnc$2rdacarrier
=500  \\$aTitle on spreadsheet: "Napoleon et la famille imperiale "
=590  \\$aHorward Collection$9LOCAL
=710  2\$aMusee Fesch
=936  1\$aHorward, Donald D.,$edonor$9LOCAL

