=LDR  00728nam a2200193Mi 4500
=008  \\\\\\suuuu\\\\xx\\\\\\\\\\\\000\0\\\\\d
=040  \\$aFDA$beng$cFDA
=035  \\$a(FSUSCA)Horward_Row_2_Section_11_1955
=245  00$aNapoleon et la Garde Imperiale /$cCommandant Henry Lachouque
=264  \1$a[Place of publication not identified] :$bBloud and Gay,$c[date of publication not identified]
=300  \\$avolume
=336  \\$atext$btxt$2rdacontent
=337  \\$aunmediated$bn$2rdamedia
=338  \\$avolume$bnc$2rdacarrier
=500  \\$aTitle on spreadsheet: "Napoleon et la Garde Imperiale"
=500  \\$aMay contain custom binding.
=590  \\$aHorward Collection$9LOCAL
=700  1\$aLachouque, Henry
=936  1\$aHorward, Donald D.,$edonor$9LOCAL

