=LDR  00620nam a2200181Mi 4500
=008  \\\\\\s1914\\\\xx\\\\\\\\\\\\000\0\\\\\d
=040  \\$aFDA$beng$cFDA
=035  \\$a(FSUSCA)Horward_Row_2_Section_2_195
=245  00$aNapoleon et la Musique /$cutheo Fleischman
=264  \1$a[Place of publication not identified] :$bBrepols,$c1914
=300  \\$avolume
=336  \\$atext$btxt$2rdacontent
=337  \\$aunmediated$bn$2rdamedia
=338  \\$avolume$bnc$2rdacarrier
=500  \\$aTitle on spreadsheet: "Napoleon et la Musique "
=590  \\$aHorward Collection$9LOCAL
=700  1\$aFleischman, Utheo
=936  1\$aHorward, Donald D.,$edonor$9LOCAL

