=LDR  00715nam a2200193Mi 4500
=008  \\\\\\s1955\\\\xx\\\\\\\\\\\\000\0\\\\\d
=040  \\$aFDA$beng$cFDA
=035  \\$a(FSUSCA)Horward_Row_4_Section_7_2395
=245  00$aNapoleon et Le Parliement ou La Dictature Enchainee /$cFrancois Pietri
=264  \1$a[Place of publication not identified] :$bArtheme Fayard,$c1955
=300  \\$avolume
=336  \\$atext$btxt$2rdacontent
=337  \\$aunmediated$bn$2rdamedia
=338  \\$avolume$bnc$2rdacarrier
=500  \\$aTitle on spreadsheet: "Napoleon et Le Parliement ou La Dictature Enchainee"
=500  \\$aCustom binding.
=590  \\$aHorward Collection$9LOCAL
=700  1\$aPietri, Francois
=936  1\$aHorward, Donald D.,$edonor$9LOCAL

