=LDR  00620nam a2200181Mi 4500
=008  \\\\\\s1976\\\\xx\\\\\\\\\\\\000\0\\\\\d
=040  \\$aFDA$beng$cFDA
=035  \\$a(FSUSCA)Horward_Row_4_Section_8_2653
=245  00$aNapoleon et le Reve American /$cInes Murat
=264  \1$a[Place of publication not identified] :$bFayard,$c1976
=300  \\$avolume
=336  \\$atext$btxt$2rdacontent
=337  \\$aunmediated$bn$2rdamedia
=338  \\$avolume$bnc$2rdacarrier
=500  \\$aTitle on spreadsheet: "Napoleon et le Reve American "
=590  \\$aHorward Collection$9LOCAL
=700  1\$aMurat, Ines
=936  1\$aHorward, Donald D.,$edonor$9LOCAL

