=LDR  00683nam a2200205Mi 4500
=008  \\\\\\s1965\\\\xx\\\\\\\\\\\\000\0\\\\\d
=040  \\$aFDA$beng$cFDA
=035  \\$a(FSUSCA)Horward_Row_2_Section_3_381
=245  00$aNapoleon et Les Israelites /$cFrancois Pietri
=250  \\$a6
=264  \1$a[Place of publication not identified] :$bBerger-Levrault,$c1965
=300  \\$avolume
=336  \\$atext$btxt$2rdacontent
=337  \\$aunmediated$bn$2rdamedia
=338  \\$avolume$bnc$2rdacarrier
=500  \\$aTitle on spreadsheet: "Napoleon et Les Israelites"
=500  \\$aCustom binding.
=590  \\$aHorward Collection$9LOCAL
=700  1\$aPietri, Francois
=936  1\$aHorward, Donald D.,$edonor$9LOCAL

