=LDR  00649nam a2200193Mi 4500
=008  \\\\\\s1992\\\\xx\\\\\\\\\\\\000\0\\\\\d
=040  \\$aFDA$beng$cFDA
=035  \\$a(FSUSCA)Horward_Row_2_Section_9_1520
=245  00$aNapoleon et les Pyrenees /$cJean Sarramon
=264  \1$a[Place of publication not identified] :$bLe Lezard,$c1992
=300  \\$avolume
=336  \\$atext$btxt$2rdacontent
=337  \\$aunmediated$bn$2rdamedia
=338  \\$avolume$bnc$2rdacarrier
=500  \\$aTitle on spreadsheet: "Napoleon et les Pyrenees"
=500  \\$aAutographed.
=590  \\$aHorward Collection$9LOCAL
=700  1\$aSarramon, Jean
=936  1\$aHorward, Donald D.,$edonor$9LOCAL

