=LDR  00696nam a2200193Mi 4500
=008  \\\\\\s1896\\\\xx\\\\\\\\\\\\000\0\\\\\d
=040  \\$aFDA$beng$cFDA
=035  \\$a(FSUSCA)Horward_Row_4_Section_6_2300
=245  00$aNapoleon et ses Recents Historiens /$cGeoffroy de Grandmaison
=264  \1$a[Place of publication not identified] :$bPerrin et Cie,$c1896
=300  \\$avolume
=336  \\$atext$btxt$2rdacontent
=337  \\$aunmediated$bn$2rdamedia
=338  \\$avolume$bnc$2rdacarrier
=500  \\$aTitle on spreadsheet: "Napoleon et ses Recents Historiens"
=500  \\$aCustom binding.
=590  \\$aHorward Collection$9LOCAL
=700  1\$ade Grandmaison, Geoffroy
=936  1\$aHorward, Donald D.,$edonor$9LOCAL

