=LDR  00730nam a2200205Mi 4500
=008  \\\\\\s1904\\\\xx\\\\\\\\\\\\000\0\\\\\d
=040  \\$aFDA$beng$cFDA
=035  \\$a(FSUSCA)Horward_Row_2_Section_5_775
=245  00$aNapoleon et Son Fils$nVolume 7 /$cFrederic Masson
=264  \1$a[Place of publication not identified] :$bSociete D'Editions Litteraires et Artistiques,$c1904
=300  \\$avolume
=336  \\$atext$btxt$2rdacontent
=337  \\$aunmediated$bn$2rdamedia
=338  \\$avolume$bnc$2rdacarrier
=500  \\$aTitle on spreadsheet: "Napoleon et Son Fils"
=500  \\$aCustom binding.
=500  \\$aSpine falling apart.
=590  \\$aHorward Collection$9LOCAL
=700  1\$aMasson, Frederic
=936  1\$aHorward, Donald D.,$edonor$9LOCAL

