=LDR  00686nam a2200193Mi 4500
=008  \\\\\\s1934\\\\xx\\\\\\\\\\\\000\0\\\\\d
=040  \\$aFDA$beng$cFDA
=035  \\$a(FSUSCA)Horward_Row_2_Section_3_517
=245  00$aNapoleon et Son Temps, Autographies /$cEmile Brouwet
=264  \1$a[Place of publication not identified] :$bVente a L'Hotel Drouot,$c1934
=300  \\$avolume
=336  \\$atext$btxt$2rdacontent
=337  \\$aunmediated$bn$2rdamedia
=338  \\$avolume$bnc$2rdacarrier
=500  \\$aTitle on spreadsheet: "Napoleon et Son Temps: Autographies"
=500  \\$aCustom binding.
=590  \\$aHorward Collection$9LOCAL
=700  1\$aBrouwet, Emile
=936  1\$aHorward, Donald D.,$edonor$9LOCAL

