=LDR  00714nam a2200193Mi 4500
=008  \\\\\\s1935\\\\xx\\\\\\\\\\\\000\0\\\\\d
=040  \\$aFDA$beng$cFDA
=035  \\$a(FSUSCA)Horward_Row_4_Section_7_2406
=245  00$aNapoleon et Son Temps Saint Helene$nVol. I /$cOctave Aubry
=264  \1$a[Place of publication not identified] :$bFlammarion,$c1935
=300  \\$avolume
=336  \\$atext$btxt$2rdacontent
=337  \\$aunmediated$bn$2rdamedia
=338  \\$avolume$bnc$2rdacarrier
=500  \\$aTitle on spreadsheet: "Napoleon et Son Temps Saint Helene, Vol. I - La Captivite de Napoleon"
=500  \\$aCustom binding.
=590  \\$aHorward Collection$9LOCAL
=700  1\$aAubry, Octave
=936  1\$aHorward, Donald D.,$edonor$9LOCAL

