=LDR  00595nam a2200181Mi 4500
=008  \\\\\\s2005\\\\xx\\\\\\\\\\\\000\0\\\\\d
=040  \\$aFDA$beng$cFDA
=035  \\$a(FSUSCA)Horward_Row_2_Section_9_1616
=245  00$aNapoleon for Dummies /$cMarkham
=264  \1$a[Place of publication not identified] :$bWiley,$c2005
=300  \\$avolume
=336  \\$atext$btxt$2rdacontent
=337  \\$aunmediated$bn$2rdamedia
=338  \\$avolume$bnc$2rdacarrier
=500  \\$aTitle on spreadsheet: "Napoleon for Dummies"
=590  \\$aHorward Collection$9LOCAL
=700  1\$aMarkham
=936  1\$aHorward, Donald D.,$edonor$9LOCAL

