=LDR  00650nam a2200181Mi 4500
=008  \\\\\\s1969\\\\xx\\\\\\\\\\\\000\0\\\\\d
=040  \\$aFDA$beng$cFDA
=035  \\$a(FSUSCA)Horward_Row_2_Section_9_1532
=245  00$aNapoleon from Tilsit to Waterloo /$cGeorge Lefebvre
=264  \1$a[Place of publication not identified] :$bColumbia University,$c1969
=300  \\$avolume
=336  \\$atext$btxt$2rdacontent
=337  \\$aunmediated$bn$2rdamedia
=338  \\$avolume$bnc$2rdacarrier
=500  \\$aTitle on spreadsheet: "Napoleon from Tilsit to Waterloo"
=590  \\$aHorward Collection$9LOCAL
=700  1\$aLefebvre, George
=936  1\$aHorward, Donald D.,$edonor$9LOCAL

