=LDR  00645nam a2200181Mi 4500
=008  \\\\\\s1969\\\\xx\\\\\\\\\\\\000\0\\\\\d
=040  \\$aFDA$beng$cFDA
=035  \\$a(FSUSCA)Horward_Row_2_Section_2_197
=245  00$aNapoleon I A Great Life in Brief /$cAlbert Guerard
=264  \1$a[Place of publication not identified] :$bAlfred A. Knopf,$c1969
=300  \\$avolume
=336  \\$atext$btxt$2rdacontent
=337  \\$aunmediated$bn$2rdamedia
=338  \\$avolume$bnc$2rdacarrier
=500  \\$aTitle on spreadsheet: "Napoleon I A Great Life in  Brief "
=590  \\$aHorward Collection$9LOCAL
=700  1\$aGuerard, Albert
=936  1\$aHorward, Donald D.,$edonor$9LOCAL

