=LDR  00692nam a2200193Mi 4500
=008  \\\\\\s1973\\\\xx\\\\\\\\\\\\000\0\\\\\d
=040  \\$aFDA$beng$cFDA
=035  \\$a(FSUSCA)Horward_Row_2_Section_11_2013
=245  00$aNapoleonic Empire in Southern Italy$nVol. I /$cR. M. Johnston
=250  \\$aSecond
=264  \1$a[Place of publication not identified] :$bDa Capo Press,$c1973
=300  \\$avolume
=336  \\$atext$btxt$2rdacontent
=337  \\$aunmediated$bn$2rdamedia
=338  \\$avolume$bnc$2rdacarrier
=500  \\$aTitle on spreadsheet: "The Napoleonic Empire in Southern Italy, Vol. I"
=590  \\$aHorward Collection$9LOCAL
=700  1\$aJohnston, R. M.
=936  1\$aHorward, Donald D.,$edonor$9LOCAL

