=LDR  00640nam a2200181Mi 4500
=008  \\\\\\s1950\\\\xx\\\\\\\\\\\\000\0\\\\\d
=040  \\$aFDA$beng$cFDA
=035  \\$a(FSUSCA)Horward_Row_2_Section_1_38
=245  00$aNapoleonic Propaganda /$cHoffman, Robert
=264  \1$a[Place of publication not identified] :$bLouisisanna State University Press,$c1950
=300  \\$avolume
=336  \\$atext$btxt$2rdacontent
=337  \\$aunmediated$bn$2rdamedia
=338  \\$avolume$bnc$2rdacarrier
=500  \\$aTitle on spreadsheet: "Napoleonic Propaganda"
=590  \\$aHorward Collection$9LOCAL
=700  1\$aHoffman, Robert
=936  1\$aHorward, Donald D.,$edonor$9LOCAL

