=LDR  00624nam a2200181Mi 4500
=008  \\\\\\s1904\\\\xx\\\\\\\\\\\\000\0\\\\\d
=040  \\$aFDA$beng$cFDA
=035  \\$a(FSUSCA)Horward_Row_4_Section_7_2470
=245  00$aNapoleonic Studies /$cJ. Holland Rose
=264  \1$a[Place of publication not identified] :$bGeorge Bell and Sons,$c1904
=300  \\$avolume
=336  \\$atext$btxt$2rdacontent
=337  \\$aunmediated$bn$2rdamedia
=338  \\$avolume$bnc$2rdacarrier
=500  \\$aTitle on spreadsheet: "Napoleonic Studies "
=590  \\$aHorward Collection$9LOCAL
=700  1\$aRose, J. Holland
=936  1\$aHorward, Donald D.,$edonor$9LOCAL

