=LDR  00615nam a2200181Mi 4500
=008  \\\\\\s1999\\\\xx\\\\\\\\\\\\000\0\\\\\d
=040  \\$aFDA$beng$cFDA
=035  \\$a(FSUSCA)Horward_Row_4_Section_7_2423
=245  00$aNapoleonic Wars /$cGunther Rothenberg
=264  \1$a[Place of publication not identified] :$bCassell,$c1999
=300  \\$avolume
=336  \\$atext$btxt$2rdacontent
=337  \\$aunmediated$bn$2rdamedia
=338  \\$avolume$bnc$2rdacarrier
=500  \\$aTitle on spreadsheet: "The Napoleonic Wars "
=590  \\$aHorward Collection$9LOCAL
=700  1\$aRothenberg, Gunther
=936  1\$aHorward, Donald D.,$edonor$9LOCAL

