=LDR  00656nam a2200193Mi 4500
=008  \\\\\\s1967\\\\xx\\\\\\\\\\\\000\0\\\\\d
=040  \\$aFDA$beng$cFDA
=035  \\$a(FSUSCA)Horward_Row_4_Section_8_2565
=245  00$aNapoleonic Wars /$cThomas Morris (edited by John Selby)
=264  \1$a[Place of publication not identified] :$bLongmans,$c1967
=300  \\$avolume
=336  \\$atext$btxt$2rdacontent
=337  \\$aunmediated$bn$2rdamedia
=338  \\$avolume$bnc$2rdacarrier
=500  \\$aTitle on spreadsheet: "The Napoleonic Wars"
=590  \\$aHorward Collection$9LOCAL
=700  1\$aMorris, Thomas
=700  1\$aSelby, John
=936  1\$aHorward, Donald D.,$edonor$9LOCAL

