=LDR  00697nam a2200193Mi 4500
=008  \\\\\\s2020\\\\xx\\\\\\\\\\\\000\0\\\\\d
=040  \\$aFDA$beng$cFDA
=035  \\$a(FSUSCA)Horward_Row_2_Section_10_1764
=245  00$aNapoleonic Wars, A Global History /$cAlexander Mikaberidze
=264  \1$a[Place of publication not identified] :$bOxford University Press,$c2020
=300  \\$avolume
=336  \\$atext$btxt$2rdacontent
=337  \\$aunmediated$bn$2rdamedia
=338  \\$avolume$bnc$2rdacarrier
=500  \\$aTitle on spreadsheet: "The Napoleonic Wars: A Global History"
=500  \\$aSigned.
=590  \\$aHorward Collection$9LOCAL
=700  1\$aMikaberidze, Alexander
=936  1\$aHorward, Donald D.,$edonor$9LOCAL

