=LDR  00768nam a2200205Mi 4500
=008  \\\\\\s2004\\\\xx\\\\\\\\\\\\000\0\\\\\d
=040  \\$aFDA$beng$cFDA
=035  \\$a(FSUSCA)Horward_Row_2_Section_11_1996
=245  00$aNapoleonic Wars, The Rise and Fall of an Empire /$cGregory Fremont-Barnes and Todd Fisher
=264  \1$a[Place of publication not identified] :$bOsprey Publishing,$c2004
=300  \\$avolume
=336  \\$atext$btxt$2rdacontent
=337  \\$aunmediated$bn$2rdamedia
=338  \\$avolume$bnc$2rdacarrier
=500  \\$aTitle on spreadsheet: "The Napoleonic Wars: The Rise and Fall of an Empire"
=500  \\$aEnvelope.
=590  \\$aHorward Collection$9LOCAL
=700  1\$aFremont-Barnes, Gregory
=700  1\$aFisher, Todd
=936  1\$aHorward, Donald D.,$edonor$9LOCAL

