=LDR  00619nam a2200181Mi 4500
=008  \\\\\\s1997\\\\xx\\\\\\\\\\\\000\0\\\\\d
=040  \\$aFDA$beng$cFDA
=035  \\$a(FSUSCA)Horward_Row_2_Section_9_1468
=245  00$aNapoleonic Wars 1803-1815 /$cDavid Gates
=264  \1$a[Place of publication not identified] :$bArnold,$c1997
=300  \\$avolume
=336  \\$atext$btxt$2rdacontent
=337  \\$aunmediated$bn$2rdamedia
=338  \\$avolume$bnc$2rdacarrier
=500  \\$aTitle on spreadsheet: "The Napoleonic Wars 1803-1815"
=590  \\$aHorward Collection$9LOCAL
=700  1\$aGates, David
=936  1\$aHorward, Donald D.,$edonor$9LOCAL

