=LDR  00669nam a2200193Mi 4500
=008  \\\\\\s1998\\\\xx\\\\\\\\\\\\000\0\\\\\d
=040  \\$aFDA$beng$cFDA
=035  \\$a(FSUSCA)Horward_Row_4_Section_7_2354
=245  00$aNapoleonic Wars Data Book /$cDigby Smith
=264  \1$a[Place of publication not identified] :$bGreenhill Books,$c1998
=300  \\$avolume
=336  \\$atext$btxt$2rdacontent
=337  \\$aunmediated$bn$2rdamedia
=338  \\$avolume$bnc$2rdacarrier
=500  \\$aTitle on spreadsheet: "The Napoleonic Wars Data Book"
=500  \\$aHorward review in cover.
=590  \\$aHorward Collection$9LOCAL
=700  1\$aSmith, Digby
=936  1\$aHorward, Donald D.,$edonor$9LOCAL

