=LDR  00692nam a2200193Mi 4500
=008  \\\\\\s1959\\\\xx\\\\\\\\\\\\000\0\\\\\d
=040  \\$aFDA$beng$cFDA
=035  \\$a(FSUSCA)Horward_Row_2_Section_5_887
=245  00$aNapoleon Ier Lettres au Comte Mollien /$cJacques Arnna
=264  \1$a[Place of publication not identified] :$bLes Editions Charles Gay,$c1959
=300  \\$avolume
=336  \\$atext$btxt$2rdacontent
=337  \\$aunmediated$bn$2rdamedia
=338  \\$avolume$bnc$2rdacarrier
=500  \\$aTitle on spreadsheet: "Napoleon Ier Lettres au Comte Mollien"
=500  \\$aCustom binding.
=590  \\$aHorward Collection$9LOCAL
=700  1\$aArnna, Jacques
=936  1\$aHorward, Donald D.,$edonor$9LOCAL

