=LDR  00650nam a2200181Mi 4500
=008  \\\\\\s2000\\\\xx\\\\\\\\\\\\000\0\\\\\d
=040  \\$aFDA$beng$cFDA
=035  \\$a(FSUSCA)Horward_Row_2_Section_10_1765
=245  00$aNapoleon III and his Regime /$cDavid Baguley
=264  \1$a[Place of publication not identified] :$bLouisiana State University Press,$c2000
=300  \\$avolume
=336  \\$atext$btxt$2rdacontent
=337  \\$aunmediated$bn$2rdamedia
=338  \\$avolume$bnc$2rdacarrier
=500  \\$aTitle on spreadsheet: "Napoleon III and his Regime"
=590  \\$aHorward Collection$9LOCAL
=700  1\$aBaguley, David
=936  1\$aHorward, Donald D.,$edonor$9LOCAL

