=LDR  00789nam a2200193Mi 4500
=008  \\\\\\s1837\\\\xx\\\\\\\\\\\\000\0\\\\\d
=040  \\$aFDA$beng$cFDA
=035  \\$a(FSUSCA)Horward_Row_2_Section_6_986
=245  00$aNapoleon in Council, or the Opinions Delivered by Bonaparte in the Council of the State /$cCaptain Basil Hall, R.N.
=264  \1$a[Place of publication not identified] :$bRobert Cadell,$c1837
=300  \\$avolume
=336  \\$atext$btxt$2rdacontent
=337  \\$aunmediated$bn$2rdamedia
=338  \\$avolume$bnc$2rdacarrier
=500  \\$aTitle on spreadsheet: "Napoleon in Council, or the Opinions Delivered by Bonaparte in the Council of the State"
=500  \\$aCustom binding.
=590  \\$aHorward Collection$9LOCAL
=700  1\$aHall, Basil
=936  1\$aHorward, Donald D.,$edonor$9LOCAL

