=LDR  00675nam a2200193Mi 4500
=008  \\\\\\s1914\\\\xx\\\\\\\\\\\\000\0\\\\\d
=040  \\$aFDA$beng$cFDA
=035  \\$a(FSUSCA)Horward_Row_2_Section_6_955
=245  00$aNapoleon in Exile at Elba (1814-1815) /$cNorwood Young
=264  \1$a[Place of publication not identified] :$bWinston,$c1914
=300  \\$avolume
=336  \\$atext$btxt$2rdacontent
=337  \\$aunmediated$bn$2rdamedia
=338  \\$avolume$bnc$2rdacarrier
=500  \\$aTitle on spreadsheet: "Napoleon in Exile at Elba (1814-1815)"
=500  \\$aLoose material.
=590  \\$aHorward Collection$9LOCAL
=700  1\$aYoung, Norwood
=936  1\$aHorward, Donald D.,$edonor$9LOCAL

