=LDR  00755nam a2200193Mi 4500
=008  \\\\\\s1915\\\\xx\\\\\\\\\\\\000\0\\\\\d
=040  \\$aFDA$beng$cFDA
=035  \\$a(FSUSCA)Horward_Row_2_Section_11_1879
=245  00$aNapoleon in Exile at St. Helena (1815-1821) Vol. 2$nVol. 2 /$cNorwood Young
=264  \1$a[Place of publication not identified] :$bJohn C. Winston Company,$c1915
=300  \\$avolume
=336  \\$atext$btxt$2rdacontent
=337  \\$aunmediated$bn$2rdamedia
=338  \\$avolume$bnc$2rdacarrier
=500  \\$aTitle on spreadsheet: "Napoleon in Exile at St. Helena (1815-1821) Vol. 2"
=500  \\$aNapoleon in Exile at St. Helena (1815-1821)
=590  \\$aHorward Collection$9LOCAL
=700  1\$aYoung, Norwood
=936  1\$aHorward, Donald D.,$edonor$9LOCAL

