=LDR  00605nam a2200181Mi 4500
=008  \\\\\\s1958\\\\xx\\\\\\\\\\\\000\0\\\\\d
=040  \\$aFDA$beng$cFDA
=035  \\$a(FSUSCA)Horward_Row_2_Section_9_1595
=245  00$aNapoleon in his Time /$cJean Savant
=264  \1$a[Place of publication not identified] :$bNelson,$c1958
=300  \\$avolume
=336  \\$atext$btxt$2rdacontent
=337  \\$aunmediated$bn$2rdamedia
=338  \\$avolume$bnc$2rdacarrier
=500  \\$aTitle on spreadsheet: "Napoleon in his Time"
=590  \\$aHorward Collection$9LOCAL
=700  1\$aSavant, Jean
=936  1\$aHorward, Donald D.,$edonor$9LOCAL

