=LDR  00624nam a2200181Mi 4500
=008  \\\\\\s1959\\\\xx\\\\\\\\\\\\000\0\\\\\d
=040  \\$aFDA$beng$cFDA
=035  \\$a(FSUSCA)Horward_Row_4_Section_7_2524
=245  00$aNapoleon In Love /$cR. F. Delderfield
=264  \1$a[Place of publication not identified] :$bLittle, Brown and Co.,$c1959
=300  \\$avolume
=336  \\$atext$btxt$2rdacontent
=337  \\$aunmediated$bn$2rdamedia
=338  \\$avolume$bnc$2rdacarrier
=500  \\$aTitle on spreadsheet: "Napoleon In Love"
=590  \\$aHorward Collection$9LOCAL
=700  1\$aDelderfield, R. F.
=936  1\$aHorward, Donald D.,$edonor$9LOCAL

