=LDR  00652nam a2200181Mi 4500
=008  \\\\\\s1967\\\\xx\\\\\\\\\\\\000\0\\\\\d
=040  \\$aFDA$beng$cFDA
=035  \\$a(FSUSCA)Horward_Row_2_Section_11_1849
=245  00$aNapoleon in Russia, The 1812 Campaign /$cAlan Palmer
=264  \1$a[Place of publication not identified] :$bSimon and Schuster,$c1967
=300  \\$avolume
=336  \\$atext$btxt$2rdacontent
=337  \\$aunmediated$bn$2rdamedia
=338  \\$avolume$bnc$2rdacarrier
=500  \\$aTitle on spreadsheet: "Napoleon in Russia: The 1812 Campaign"
=590  \\$aHorward Collection$9LOCAL
=700  1\$aPalmer, Alan
=936  1\$aHorward, Donald D.,$edonor$9LOCAL

