=LDR  00619nam a2200181Mi 4500
=008  \\\\\\s1970\\\\xx\\\\\\\\\\\\000\0\\\\\d
=040  \\$aFDA$beng$cFDA
=035  \\$a(FSUSCA)Horward_Row_4_Section_7_2422
=245  00$aNapoleon is Dead in Russia /$cGuido Artom
=264  \1$a[Place of publication not identified] :$bAtheneum,$c1970
=300  \\$avolume
=336  \\$atext$btxt$2rdacontent
=337  \\$aunmediated$bn$2rdamedia
=338  \\$avolume$bnc$2rdacarrier
=500  \\$aTitle on spreadsheet: "Napoleon is Dead in Russia"
=590  \\$aHorward Collection$9LOCAL
=700  1\$aArtom, Guido
=936  1\$aHorward, Donald D.,$edonor$9LOCAL

