=LDR  00686nam a2200205Mi 4500
=008  \\\\\\s1931\\\\xx\\\\\\\\\\\\000\0\\\\\d
=040  \\$aFDA$beng$cFDA
=035  \\$a(FSUSCA)Horward_Row_2_Section_1_91
=245  00$aNapoleon le Grand /$cRosny Aine, J.H.
=250  \\$a8th edition
=264  \1$a[Place of publication not identified] :$bLes Editions des Portiques,$c1931
=300  \\$avolume
=336  \\$atext$btxt$2rdacontent
=337  \\$aunmediated$bn$2rdamedia
=338  \\$avolume$bnc$2rdacarrier
=500  \\$aTitle on spreadsheet: "Napoleon le Grand"
=500  \\$aCustom binding.
=590  \\$aHorward Collection$9LOCAL
=700  1\$aRosny Aine, J.H.
=936  1\$aHorward, Donald D.,$edonor$9LOCAL

