=LDR  00843nam a2200205Mi 4500
=008  \\\\\\s1804\\\\xx\\\\\\\\\\\\000\0\\\\\d
=040  \\$aFDA$beng$cFDA
=035  \\$a(FSUSCA)Horward_Row_2_Section_8_1450
=245  00$aNapoleonn Bonaparte und das franzosische Volk unter seinem Consulate /$cGustav Grof
=264  \1$a[Place of publication not identified] :$bGermanien,$c1804
=300  \\$avolume
=336  \\$atext$btxt$2rdacontent
=337  \\$aunmediated$bn$2rdamedia
=338  \\$avolume$bnc$2rdacarrier
=500  \\$aTitle on spreadsheet: "Napoleonn Bonaparte und das franzosische Volk unter seinem Consulate "
=500  \\$aNeeds serious fixing/re-housing box.
=500  \\$aNapoleonn Bonaparte und das franzosische Volk unter seinem Consulate
=590  \\$aHorward Collection$9LOCAL
=700  1\$aGrof, Gustav
=936  1\$aHorward, Donald D.,$edonor$9LOCAL

