=LDR  00631nam a2200181Mi 4500
=008  \\\\\\s1931\\\\xx\\\\\\\\\\\\000\0\\\\\d
=040  \\$aFDA$beng$cFDA
=035  \\$a(FSUSCA)Horward_Row_2_Section_9_1545
=245  00$aNapoleon of the Snows /$cMajor General Sir John Adye
=264  \1$a[Place of publication not identified] :$bNash and Grayson,$c1931
=300  \\$avolume
=336  \\$atext$btxt$2rdacontent
=337  \\$aunmediated$bn$2rdamedia
=338  \\$avolume$bnc$2rdacarrier
=500  \\$aTitle on spreadsheet: "Napoleon of the Snows"
=590  \\$aHorward Collection$9LOCAL
=700  1\$aAdye, John
=936  1\$aHorward, Donald D.,$edonor$9LOCAL

