=LDR  00689nam a2200193Mi 4500
=008  \\\\\\s1969\\\\xx\\\\\\\\\\\\000\0\\\\\d
=040  \\$aFDA$beng$cFDA
=035  \\$a(FSUSCA)Horward_Row_2_Section_10_1806
=245  00$aNapoleon or the Man of the World /$cRalph Waldo Emerson
=264  \1$a[Place of publication not identified] :$bKraus Reprint Co.,$c1969
=300  \\$avolume
=336  \\$atext$btxt$2rdacontent
=337  \\$aunmediated$bn$2rdamedia
=338  \\$avolume$bnc$2rdacarrier
=500  \\$aTitle on spreadsheet: "Napoleon or the Man of the World"
=500  \\$aCitation cards?
=590  \\$aHorward Collection$9LOCAL
=700  1\$aEmerson, Ralph Waldo
=936  1\$aHorward, Donald D.,$edonor$9LOCAL

