=LDR  00636nam a2200193Mi 4500
=008  \\\\\\s1933\\\\xx\\\\\\\\\\\\000\0\\\\\d
=040  \\$aFDA$beng$cFDA
=035  \\$a(FSUSCA)Horward_Row_2_Section_7_1224
=245  00$aNapoleon Passes /$cConal O'Riordan
=264  \1$a[Place of publication not identified] :$bArrowsmith,$c1933
=300  \\$avolume
=336  \\$atext$btxt$2rdacontent
=337  \\$aunmediated$bn$2rdamedia
=338  \\$avolume$bnc$2rdacarrier
=500  \\$aTitle on spreadsheet: "Napoleon Passes"
=500  \\$aAutographed.
=590  \\$aHorward Collection$9LOCAL
=700  1\$aO'Riordan, Conal
=936  1\$aHorward, Donald D.,$edonor$9LOCAL

