=LDR  00711nam a2200193Mi 4500
=008  \\\\\\suuuu\\\\xx\\\\\\\\\\\\000\0\\\\\d
=040  \\$aFDA$beng$cFDA
=035  \\$a(FSUSCA)Horward_Row_2_Section_3_528
=245  00$aNapoleon Raconte par Lui-Meme 1769-1806 /$cLui Meme
=264  \1$a[Place of publication not identified] :$bMercvre de France,$c[date of publication not identified]
=300  \\$avolume
=336  \\$atext$btxt$2rdacontent
=337  \\$aunmediated$bn$2rdamedia
=338  \\$avolume$bnc$2rdacarrier
=500  \\$aTitle on spreadsheet: "Napoleon Raconte par Lui-Meme 1769-1806"
=500  \\$aCustom binding.
=590  \\$aHorward Collection$9LOCAL
=700  1\$aMeme, Lui
=936  1\$aHorward, Donald D.,$edonor$9LOCAL

