=LDR  00638nam a2200181Mi 4500
=008  \\\\\\s1968\\\\xx\\\\\\\\\\\\000\0\\\\\d
=040  \\$aFDA$beng$cFDA
=035  \\$a(FSUSCA)Horward_Row_2_Section_2_217
=245  00$aNapoleon Recaptures Paris /$cClaude Manceron
=264  \1$a[Place of publication not identified] :$bBlackfriars Press Ltd,$c1968
=300  \\$avolume
=336  \\$atext$btxt$2rdacontent
=337  \\$aunmediated$bn$2rdamedia
=338  \\$avolume$bnc$2rdacarrier
=500  \\$aTitle on spreadsheet: "Napoleon Recaptures Paris "
=590  \\$aHorward Collection$9LOCAL
=700  1\$aManceron, Claude
=936  1\$aHorward, Donald D.,$edonor$9LOCAL

