=LDR  00605nam a2200181Mi 4500
=008  \\\\\\s1941\\\\xx\\\\\\\\\\\\000\0\\\\\d
=040  \\$aFDA$beng$cFDA
=035  \\$a(FSUSCA)Horward_Row_4_Section_7_2528
=245  00$aNapoleon Speaks /$cAlbert Carr
=264  \1$a[Place of publication not identified] :$bThe Viking Press,$c1941
=300  \\$avolume
=336  \\$atext$btxt$2rdacontent
=337  \\$aunmediated$bn$2rdamedia
=338  \\$avolume$bnc$2rdacarrier
=500  \\$aTitle on spreadsheet: "Napoleon Speaks"
=590  \\$aHorward Collection$9LOCAL
=700  1\$aCarr, Albert
=936  1\$aHorward, Donald D.,$edonor$9LOCAL

