=LDR  00657nam a2200181Mi 4500
=008  \\\\\\s1921\\\\xx\\\\\\\\\\\\000\0\\\\\d
=040  \\$aFDA$beng$cFDA
=035  \\$a(FSUSCA)Horward_Row_2_Section_2_358
=245  00$aNapoleon the First an Intimate Biography /$cWalter Geer
=264  \1$a[Place of publication not identified] :$bThe Plimpton Press,$c1921
=300  \\$avolume
=336  \\$atext$btxt$2rdacontent
=337  \\$aunmediated$bn$2rdamedia
=338  \\$avolume$bnc$2rdacarrier
=500  \\$aTitle on spreadsheet: "Napoleon the First an Intimate Biography "
=590  \\$aHorward Collection$9LOCAL
=700  1\$aGeer, Walter
=936  1\$aHorward, Donald D.,$edonor$9LOCAL

