=LDR  00627nam a2200181Mi 4500
=008  \\\\\\s1928\\\\xx\\\\\\\\\\\\000\0\\\\\d
=040  \\$aFDA$beng$cFDA
=035  \\$a(FSUSCA)Horward_Row_2_Section_6_1064
=245  00$aNapoleon the Man /$cDmitri Merezhkovsky
=264  \1$a[Place of publication not identified] :$bE. P. Dutton and Co.,$c1928
=300  \\$avolume
=336  \\$atext$btxt$2rdacontent
=337  \\$aunmediated$bn$2rdamedia
=338  \\$avolume$bnc$2rdacarrier
=500  \\$aTitle on spreadsheet: "Napoleon the Man"
=590  \\$aHorward Collection$9LOCAL
=700  1\$aMerezhkovsky, Dmitri
=936  1\$aHorward, Donald D.,$edonor$9LOCAL

