=LDR  00836nam a2200205Mi 4500
=008  \\\\\\s1984\\\\xx\\\\\\\\\\\\000\0\\\\\d
=040  \\$aFDA$beng$cFDA
=035  \\$a(FSUSCA)Horward_Row_2_Section_10_1810
=245  00$aNapoleon y la Peninsula Iberica, Ciudad Rodrigo y Almeida, Dos Asedios Analogos, 1810 /$cHorward, Translated by Rafael Vazquez Ruano
=264  \1$a[Place of publication not identified] :$bSalamanca,$c1984
=300  \\$avolume
=336  \\$atext$btxt$2rdacontent
=337  \\$aunmediated$bn$2rdamedia
=338  \\$avolume$bnc$2rdacarrier
=500  \\$aTitle on spreadsheet: "Napoleon y la Peninsula Iberica: Ciudad Rodrigo y Almeida, Dos Asedios Analogos, 1810"
=500  \\$aCustom binding.
=590  \\$aHorward Collection$9LOCAL
=700  1\$aHorward
=700  1\$aVazquez Ruano, Rafael
=936  1\$aHorward, Donald D.,$edonor$9LOCAL

