=LDR  00625nam a2200181Mi 4500
=008  \\\\\\s1912\\\\xx\\\\\\\\\\\\000\0\\\\\d
=040  \\$aFDA$beng$cFDA
=035  \\$a(FSUSCA)Horward_Row_2_Section_9_1569
=245  00$aNapoloeonic Campaign of 1805 /$cMaycock
=264  \1$a[Place of publication not identified] :$bGale and Polden,$c1912
=300  \\$avolume
=336  \\$atext$btxt$2rdacontent
=337  \\$aunmediated$bn$2rdamedia
=338  \\$avolume$bnc$2rdacarrier
=500  \\$aTitle on spreadsheet: "The Napoloeonic Campaign of 1805"
=590  \\$aHorward Collection$9LOCAL
=700  1\$aMaycock
=936  1\$aHorward, Donald D.,$edonor$9LOCAL

