=LDR  00709nam a2200181Mi 4500
=008  \\\\\\s1809\\\\xx\\\\\\\\\\\\000\0\\\\\d
=040  \\$aFDA$beng$cFDA
=035  \\$a(FSUSCA)Horward_Row_2_Section_2_355
=245  00$aNarrative of the Campaign of the British Army in Spain /$cJames Moore, Esq
=264  \1$a[Place of publication not identified] :$bJosephJohnson, St.Paul's Church Yard,$c1809
=300  \\$avolume
=336  \\$atext$btxt$2rdacontent
=337  \\$aunmediated$bn$2rdamedia
=338  \\$avolume$bnc$2rdacarrier
=500  \\$aTitle on spreadsheet: "A Narrative of the Campaign of the British Army in Spain"
=590  \\$aHorward Collection$9LOCAL
=700  1\$aMoore, James
=936  1\$aHorward, Donald D.,$edonor$9LOCAL

