=LDR  00725nam a2200181Mi 4500
=008  \\\\\\s1927\\\\xx\\\\\\\\\\\\000\0\\\\\d
=040  \\$aFDA$beng$cFDA
=035  \\$a(FSUSCA)Horward_Row_2_Section_10_1813
=245  00$aNarratives of Some Passages in the Great War with France (1799-1810) /$cSir Henry Bunbury
=264  \1$a[Place of publication not identified] :$bPeter Davies, Limited,$c1927
=300  \\$avolume
=336  \\$atext$btxt$2rdacontent
=337  \\$aunmediated$bn$2rdamedia
=338  \\$avolume$bnc$2rdacarrier
=500  \\$aTitle on spreadsheet: "Narratives of Some Passages in the Great War with France (1799-1810)"
=590  \\$aHorward Collection$9LOCAL
=700  1\$aBunbury, Henry
=936  1\$aHorward, Donald D.,$edonor$9LOCAL

