=LDR  00615nam a2200181Mi 4500
=008  \\\\\\s1931\\\\xx\\\\\\\\\\\\000\0\\\\\d
=040  \\$aFDA$beng$cFDA
=035  \\$a(FSUSCA)Horward_Row_2_Section_11_1973
=245  00$aNelson /$cClennell Wilkinson
=264  \1$a[Place of publication not identified] :$bGeorge G. Harap and Co. LTD,$c1931
=300  \\$avolume
=336  \\$atext$btxt$2rdacontent
=337  \\$aunmediated$bn$2rdamedia
=338  \\$avolume$bnc$2rdacarrier
=500  \\$aTitle on spreadsheet: "Nelson  "
=590  \\$aHorward Collection$9LOCAL
=700  1\$aWilkinson, Clennell
=936  1\$aHorward, Donald D.,$edonor$9LOCAL

