=LDR  00625nam a2200181Mi 4500
=008  \\\\\\s1933\\\\xx\\\\\\\\\\\\000\0\\\\\d
=040  \\$aFDA$beng$cFDA
=035  \\$a(FSUSCA)Horward_Row_2_Section_11_1991
=245  00$aNelson, Great Lives /$cBrian Tunstall
=264  \1$a[Place of publication not identified] :$bThe Macmillan Company,$c1933
=300  \\$avolume
=336  \\$atext$btxt$2rdacontent
=337  \\$aunmediated$bn$2rdamedia
=338  \\$avolume$bnc$2rdacarrier
=500  \\$aTitle on spreadsheet: "Nelson: Great Lives"
=590  \\$aHorward Collection$9LOCAL
=700  1\$aTunstall, Brian
=936  1\$aHorward, Donald D.,$edonor$9LOCAL

