=LDR  00677nam a2200181Mi 4500
=008  \\\\\\s1962\\\\xx\\\\\\\\\\\\000\0\\\\\d
=040  \\$aFDA$beng$cFDA
=035  \\$a(FSUSCA)Horward_Row_2_Section_11_1888
=245  00$aNelson's Dear Lord, A Portrait of St. Vincent /$cEvelyn Berkman
=264  \1$a[Place of publication not identified] :$bMacmillan and Co LTD,$c1962
=300  \\$avolume
=336  \\$atext$btxt$2rdacontent
=337  \\$aunmediated$bn$2rdamedia
=338  \\$avolume$bnc$2rdacarrier
=500  \\$aTitle on spreadsheet: "Nelson's Dear Lord: A Portrait of St. Vincent "
=590  \\$aHorward Collection$9LOCAL
=700  1\$aBerkman, Evelyn
=936  1\$aHorward, Donald D.,$edonor$9LOCAL

