=LDR  00644nam a2200181Mi 4500
=008  \\\\\\s1903\\\\xx\\\\\\\\\\\\000\0\\\\\d
=040  \\$aFDA$beng$cFDA
=035  \\$a(FSUSCA)Horward_Row_4_Section_8_2655
=245  00$aNelson and the Neopolitan Jacobins /$cGutteridge
=264  \1$a[Place of publication not identified] :$bNavy Records Society,$c1903
=300  \\$avolume
=336  \\$atext$btxt$2rdacontent
=337  \\$aunmediated$bn$2rdamedia
=338  \\$avolume$bnc$2rdacarrier
=500  \\$aTitle on spreadsheet: "Nelson and the Neopolitan Jacobins"
=590  \\$aHorward Collection$9LOCAL
=700  1\$aGutteridge
=936  1\$aHorward, Donald D.,$edonor$9LOCAL

