=LDR  00619nam a2200181Mi 4500
=008  \\\\\\s1955\\\\xx\\\\\\\\\\\\000\0\\\\\d
=040  \\$aFDA$beng$cFDA
=035  \\$a(FSUSCA)Horward_Row_2_Section_7_1196
=245  00$aNew Le Brave Des Braves /$cLouis Garros
=264  \1$a[Place of publication not identified] :$bAmoit Dumont,$c1955
=300  \\$avolume
=336  \\$atext$btxt$2rdacontent
=337  \\$aunmediated$bn$2rdamedia
=338  \\$avolume$bnc$2rdacarrier
=500  \\$aTitle on spreadsheet: "New Le Brave Des Braves"
=590  \\$aHorward Collection$9LOCAL
=700  1\$aGarros, Louis
=936  1\$aHorward, Donald D.,$edonor$9LOCAL

