=LDR  00631nam a2200181Mi 4500
=008  \\\\\\s1898\\\\xx\\\\\\\\\\\\000\0\\\\\d
=040  \\$aFDA$beng$cFDA
=035  \\$a(FSUSCA)Horward_Row_2_Section_6_898
=245  00$aNew Letters of Napoleon I /$cLady Mary Loyd
=264  \1$a[Place of publication not identified] :$bWilliam Heinemann,$c1898
=300  \\$avolume
=336  \\$atext$btxt$2rdacontent
=337  \\$aunmediated$bn$2rdamedia
=338  \\$avolume$bnc$2rdacarrier
=500  \\$aTitle on spreadsheet: "New Letters of Napoleon I"
=590  \\$aHorward Collection$9LOCAL
=700  1\$aLoyd, Lady Mary
=936  1\$aHorward, Donald D.,$edonor$9LOCAL

