=LDR  00621nam a2200181Mi 4500
=008  \\\\\\s1949\\\\xx\\\\\\\\\\\\000\0\\\\\d
=040  \\$aFDA$beng$cFDA
=035  \\$a(FSUSCA)Horward_Row_2_Section_10_1709
=245  00$aNoble Duke of York /$cAlfred H. Burne
=264  \1$a[Place of publication not identified] :$bStaples Press,$c1949
=300  \\$avolume
=336  \\$atext$btxt$2rdacontent
=337  \\$aunmediated$bn$2rdamedia
=338  \\$avolume$bnc$2rdacarrier
=500  \\$aTitle on spreadsheet: "The Noble Duke of York"
=590  \\$aHorward Collection$9LOCAL
=700  1\$aBurne, Alfred H.
=936  1\$aHorward, Donald D.,$edonor$9LOCAL

