=LDR  00708nam a2200193Mi 4500
=008  \\\\\\s1936\\\\xx\\\\\\\\\\\\000\0\\\\\d
=040  \\$aFDA$beng$cFDA
=035  \\$a(FSUSCA)Horward_Row_2_Section_1_29
=245  00$aNo Peace with Napoleon! /$cCaulaincourt, Armand-Augustin-Louis
=264  \1$a[Place of publication not identified] :$bWilliam Morrow and Company,$c1936
=300  \\$avolume
=336  \\$atext$btxt$2rdacontent
=337  \\$aunmediated$bn$2rdamedia
=338  \\$avolume$bnc$2rdacarrier
=500  \\$aTitle on spreadsheet: "No Peace with Napoleon!"
=500  \\$aLoose ephemera.
=590  \\$aHorward Collection$9LOCAL
=700  1\$aCaulaincourt, Armand-Augustin-Louis
=936  1\$aHorward, Donald D.,$edonor$9LOCAL

