=LDR  00673nam a2200181Mi 4500
=008  \\\\\\s1909\\\\xx\\\\\\\\\\\\000\0\\\\\d
=040  \\$aFDA$beng$cFDA
=035  \\$a(FSUSCA)Horward_Row_2_Section_4_613
=245  00$aNota Acerca das Invasoes Francezas em Portugal /$cBrito Aranha
=264  \1$a[Place of publication not identified] :$bLisboa Livraria Ferin,$c1909
=300  \\$avolume
=336  \\$atext$btxt$2rdacontent
=337  \\$aunmediated$bn$2rdamedia
=338  \\$avolume$bnc$2rdacarrier
=500  \\$aTitle on spreadsheet: "Nota Acerca das Invasoes Francezas em Portugal"
=590  \\$aHorward Collection$9LOCAL
=700  1\$aAranha, Brito
=936  1\$aHorward, Donald D.,$edonor$9LOCAL

