=LDR  00719nam a2200181Mi 4500
=008  \\\\\\s1998\\\\xx\\\\\\\\\\\\000\0\\\\\d
=040  \\$aFDA$beng$cFDA
=035  \\$a(FSUSCA)Horward_Row_2_Section_10_1814
=245  00$aNote Books of Captain Coignet, Soldier of the Empire (1799-1816) /$cJean Roch Coignet
=264  \1$a[Place of publication not identified] :$bGreenhill Books,$c1998
=300  \\$avolume
=336  \\$atext$btxt$2rdacontent
=337  \\$aunmediated$bn$2rdamedia
=338  \\$avolume$bnc$2rdacarrier
=500  \\$aTitle on spreadsheet: "The Note Books of Captain Coignet, Soldier of the Empire (1799-1816)"
=590  \\$aHorward Collection$9LOCAL
=700  1\$aCoignet, Jean Roch
=936  1\$aHorward, Donald D.,$edonor$9LOCAL

