=LDR  00730nam a2200181Mi 4500
=008  \\\\\\s1903\\\\xx\\\\\\\\\\\\000\0\\\\\d
=040  \\$aFDA$beng$cFDA
=035  \\$a(FSUSCA)Horward_Row_4_Section_7_2379
=245  00$aNotes and Reminiscences of a Staff Officer Relating to Waterloo and St. Helena /$cBasil Jackson
=264  \1$a[Place of publication not identified] :$bJohn Murray,$c1903
=300  \\$avolume
=336  \\$atext$btxt$2rdacontent
=337  \\$aunmediated$bn$2rdamedia
=338  \\$avolume$bnc$2rdacarrier
=500  \\$aTitle on spreadsheet: "Notes and Reminiscences of a Staff Officer Relating to Waterloo and St. Helena"
=590  \\$aHorward Collection$9LOCAL
=700  1\$aJackson, Basil
=936  1\$aHorward, Donald D.,$edonor$9LOCAL

