=LDR  00697nam a2200181Mi 4500
=008  \\\\\\s1973\\\\xx\\\\\\\\\\\\000\0\\\\\d
=040  \\$aFDA$beng$cFDA
=035  \\$a(FSUSCA)Horward_Row_2_Section_10_1670
=245  00$aNotes of Conversations with the Duke of Wellington, 1831-1851 /$cPhilip Henry
=264  \1$a[Place of publication not identified] :$bDa Capo Press,$c1973
=300  \\$avolume
=336  \\$atext$btxt$2rdacontent
=337  \\$aunmediated$bn$2rdamedia
=338  \\$avolume$bnc$2rdacarrier
=500  \\$aTitle on spreadsheet: "Notes of Conversations with the Duke of Wellington, 1831-1851"
=590  \\$aHorward Collection$9LOCAL
=700  1\$aHenry, Philip
=936  1\$aHorward, Donald D.,$edonor$9LOCAL

