=LDR  00688nam a2200193Mi 4500
=008  \\\\\\s1960\\\\xx\\\\\\\\\\\\000\0\\\\\d
=040  \\$aFDA$beng$cFDA
=035  \\$a(FSUSCA)Horward_Row_2_Section_10_1796
=245  00$aNotes on European History$nVol. III /$cWilliam Edwards
=250  \\$aThird
=264  \1$a[Place of publication not identified] :$bRivington's Press,$c1960
=300  \\$avolume
=336  \\$atext$btxt$2rdacontent
=337  \\$aunmediated$bn$2rdamedia
=338  \\$avolume$bnc$2rdacarrier
=500  \\$aTitle on spreadsheet: "Notes on European History, Vol. III: 1715-1815"
=590  \\$aHorward Collection$9LOCAL
=700  1\$aEdwards, William
=936  1\$aHorward, Donald D.,$edonor$9LOCAL

