=LDR  00741nam a2200181Mi 4500
=008  \\\\\\s1938\\\\xx\\\\\\\\\\\\000\0\\\\\d
=040  \\$aFDA$beng$cFDA
=035  \\$a(FSUSCA)Horward_Row_2_Section_1_106
=245  00$aNotice sur la Bibliotheque Napoleonienne Paul Mormottan et son Fondateur /$cFleuriot de Langle, P.
=264  \1$a[Place of publication not identified] :$bBoulogne-Sur-Seine,$c1938
=300  \\$avolume
=336  \\$atext$btxt$2rdacontent
=337  \\$aunmediated$bn$2rdamedia
=338  \\$avolume$bnc$2rdacarrier
=500  \\$aTitle on spreadsheet: "Notice sur la Bibliotheque Napoleonienne Paul Mormottan et son Fondateur"
=590  \\$aHorward Collection$9LOCAL
=700  1\$aFleuriot de Langle, P.
=936  1\$aHorward, Donald D.,$edonor$9LOCAL

