=LDR  00710nam a2200181Mi 4500
=008  \\\\\\s2002\\\\xx\\\\\\\\\\\\000\0\\\\\d
=040  \\$aFDA$beng$cFDA
=035  \\$a(FSUSCA)Horward_Row_2_Section_8_1314
=245  00$aNouvelle Histoire du Premier Empire$nI /$cThierry Lentz
=264  \1$a[Place of publication not identified] :$bLibrairie Artheme Fayard,$c2002
=300  \\$avolume
=336  \\$atext$btxt$2rdacontent
=337  \\$aunmediated$bn$2rdamedia
=338  \\$avolume$bnc$2rdacarrier
=500  \\$aTitle on spreadsheet: "Nouvelle Histoire du Premier Empire: I Napoleon et la conquete de l'Europe  1804-1810"
=590  \\$aHorward Collection$9LOCAL
=700  1\$aLentz, Thierry
=936  1\$aHorward, Donald D.,$edonor$9LOCAL

