=LDR  00681nam a2200169Mi 4500
=008  \\\\\\s2005\\\\xx\\\\\\\\\\\\000\0\\\\\d
=040  \\$aFDA$beng$cFDA
=035  \\$a(FSUSCA)Horward_Row_2_Section_11_1869
=245  00$aNova Augusta, Revista de Cultura No. 18 - 2006 /$cMany members of the board, listed on page 5
=264  \1$a[Place of publication not identified] :$bMunicipo de Torres Novas,$c[2005]
=300  \\$avolume
=336  \\$atext$btxt$2rdacontent
=337  \\$aunmediated$bn$2rdamedia
=338  \\$avolume$bnc$2rdacarrier
=500  \\$aTitle on spreadsheet: "Nova Augusta: Revista de Cultura No. 18 - 2006"
=590  \\$aHorward Collection$9LOCAL
=936  1\$aHorward, Donald D.,$edonor$9LOCAL

