=LDR  00627nam a2200181Mi 4500
=008  \\\\\\s1991\\\\xx\\\\\\\\\\\\000\0\\\\\d
=040  \\$aFDA$beng$cFDA
=035  \\$a(FSUSCA)Horward_Row_2_Section_9_1517
=245  00$aO Conde de Lippe e Portugal /$cCharles Raueber
=264  \1$a[Place of publication not identified] :$bLisboa,$c1991
=300  \\$avolume
=336  \\$atext$btxt$2rdacontent
=337  \\$aunmediated$bn$2rdamedia
=338  \\$avolume$bnc$2rdacarrier
=500  \\$aTitle on spreadsheet: "O Conde de Lippe e Portugal"
=590  \\$aHorward Collection$9LOCAL
=700  1\$aRaueber, Charles
=936  1\$aHorward, Donald D.,$edonor$9LOCAL

