=LDR  00691nam a2200193Mi 4500
=008  \\\\\\s1910\\\\xx\\\\\\\\\\\\000\0\\\\\d
=040  \\$aFDA$beng$cFDA
=035  \\$a(FSUSCA)Horward_Row_4_Section_6_2302
=245  00$aO Genio de Wellington A Batalha do Bussaco /$cLysia Victoriosa
=264  \1$a[Place of publication not identified] :$bLisboa,$c1910
=300  \\$avolume
=336  \\$atext$btxt$2rdacontent
=337  \\$aunmediated$bn$2rdamedia
=338  \\$avolume$bnc$2rdacarrier
=500  \\$aTitle on spreadsheet: "O Genio de Wellington A Batalha do Bussaco"
=500  \\$aCustom binding.
=590  \\$aHorward Collection$9LOCAL
=700  1\$aVictoriosa, Lysia
=936  1\$aHorward, Donald D.,$edonor$9LOCAL

