=LDR  00660nam a2200181Mi 4500
=008  \\\\\\s1928\\\\xx\\\\\\\\\\\\000\0\\\\\d
=040  \\$aFDA$beng$cFDA
=035  \\$a(FSUSCA)Horward_Row_2_Section_4_608
=245  00$aO Grito da Independencia em 1808 /$cPedro Vitorino
=264  \1$a[Place of publication not identified] :$bCoimbra Imprensa da Universidade,$c1928
=300  \\$avolume
=336  \\$atext$btxt$2rdacontent
=337  \\$aunmediated$bn$2rdamedia
=338  \\$avolume$bnc$2rdacarrier
=500  \\$aTitle on spreadsheet: "O Grito da Independencia em 1808"
=590  \\$aHorward Collection$9LOCAL
=700  1\$aVitorino, Pedro
=936  1\$aHorward, Donald D.,$edonor$9LOCAL

