=LDR  00684nam a2200193Mi 4500
=008  \\\\\\s1928\\\\xx\\\\\\\\\\\\000\0\\\\\d
=040  \\$aFDA$beng$cFDA
=035  \\$a(FSUSCA)Horward_Row_2_Section_3_521
=245  00$aO Grito do Independencia em 1808 /$cPedro Vitorino
=264  \1$a[Place of publication not identified] :$bImprensa da Universidade,$c1928
=300  \\$avolume
=336  \\$atext$btxt$2rdacontent
=337  \\$aunmediated$bn$2rdamedia
=338  \\$avolume$bnc$2rdacarrier
=500  \\$aTitle on spreadsheet: "O Grito do Independencia em 1808"
=500  \\$aCustom binding.
=590  \\$aHorward Collection$9LOCAL
=700  1\$aVitorino, Pedro
=936  1\$aHorward, Donald D.,$edonor$9LOCAL

