=LDR  00710nam a2200181Mi 4500
=008  \\\\\\s1968\\\\xx\\\\\\\\\\\\000\0\\\\\d
=040  \\$aFDA$beng$cFDA
=035  \\$a(FSUSCA)Horward_Row_4_Section_6_2311
=245  00$aOld Dominion and Napoleon Bonaparte, A Study in American Opinion /$cJoseph I. Shulim
=264  \1$a[Place of publication not identified] :$bAms Press,$c1968
=300  \\$avolume
=336  \\$atext$btxt$2rdacontent
=337  \\$aunmediated$bn$2rdamedia
=338  \\$avolume$bnc$2rdacarrier
=500  \\$aTitle on spreadsheet: "The Old Dominion and Napoleon Bonaparte: A Study in American Opinion"
=590  \\$aHorward Collection$9LOCAL
=700  1\$aShulim, Joseph I.
=936  1\$aHorward, Donald D.,$edonor$9LOCAL

