=LDR  00763nam a2200193Mi 4500
=008  \\\\\\s2006\\\\xx\\\\\\\\\\\\000\0\\\\\d
=040  \\$aFDA$beng$cFDA
=035  \\$a(FSUSCA)Horward_Row_4_Section_7_2329
=245  00$aOn Campaign in the Age of Napoleon, The Art of Keith Rocco /$cKeith Rocco (edited by Matthew DeLaMater)
=264  \1$a[Place of publication not identified] :$bMilitary History Press,$c2006
=300  \\$avolume
=336  \\$atext$btxt$2rdacontent
=337  \\$aunmediated$bn$2rdamedia
=338  \\$avolume$bnc$2rdacarrier
=500  \\$aTitle on spreadsheet: "On Campaign in the Age of Napoleon: The Art of Keith Rocco "
=590  \\$aHorward Collection$9LOCAL
=700  1\$aRocco, Keith
=700  1\$aDeLaMater, Matthew
=936  1\$aHorward, Donald D.,$edonor$9LOCAL

