=LDR  00759nam a2200181Mi 4500
=008  \\\\\\s1991\\\\xx\\\\\\\\\\\\000\0\\\\\d
=040  \\$aFDA$beng$cFDA
=035  \\$a(FSUSCA)Horward_Row_4_Section_5_2141
=245  00$aOnce More Onto the Breach Military and Naval Operations Around San Sebastian /$cRichard Thorburn Herzog
=264  \1$a[Place of publication not identified] :$bFlorida State University,$c1991
=300  \\$avolume
=336  \\$atext$btxt$2rdacontent
=337  \\$aunmediated$bn$2rdamedia
=338  \\$avolume$bnc$2rdacarrier
=500  \\$aTitle on spreadsheet: "Once More Onto the Breach Military and Naval Operations Around San Sebastian"
=590  \\$aHorward Collection$9LOCAL
=700  1\$aHerzog, Richard Thorburn
=936  1\$aHorward, Donald D.,$edonor$9LOCAL

