=LDR  00595nam a2200181Mi 4500
=008  \\\\\\s1992\\\\xx\\\\\\\\\\\\000\0\\\\\d
=040  \\$aFDA$beng$cFDA
=035  \\$a(FSUSCA)Horward_Row_2_Section_9_1598
=245  00$aOne Hundred Days /$cAlan Schom
=264  \1$a[Place of publication not identified] :$bOxford,$c1992
=300  \\$avolume
=336  \\$atext$btxt$2rdacontent
=337  \\$aunmediated$bn$2rdamedia
=338  \\$avolume$bnc$2rdacarrier
=500  \\$aTitle on spreadsheet: "One Hundred Days"
=590  \\$aHorward Collection$9LOCAL
=700  1\$aSchom, Alan
=936  1\$aHorward, Donald D.,$edonor$9LOCAL

