=LDR  00756nam a2200193Mi 4500
=008  \\\\\\s1996\\\\xx\\\\\\\\\\\\000\0\\\\\d
=040  \\$aFDA$beng$cFDA
=035  \\$a(FSUSCA)Horward_Row_2_Section_8_1310
=245  00$aOn the Fields of Glory, The Battlefields of the 1815 Campaign /$cAndrew Uffindell and Michael Corum
=264  \1$a[Place of publication not identified] :$bGreenhill Books,$c1996
=300  \\$avolume
=336  \\$atext$btxt$2rdacontent
=337  \\$aunmediated$bn$2rdamedia
=338  \\$avolume$bnc$2rdacarrier
=500  \\$aTitle on spreadsheet: "On the Fields of Glory: The Battlefields of the 1815 Campaign "
=590  \\$aHorward Collection$9LOCAL
=700  1\$aUffindell, Andrew
=700  1\$aCorum, Michael
=936  1\$aHorward, Donald D.,$edonor$9LOCAL

