=LDR  00664nam a2200181Mi 4500
=008  \\\\\\s1994\\\\xx\\\\\\\\\\\\000\0\\\\\d
=040  \\$aFDA$beng$cFDA
=035  \\$a(FSUSCA)Horward_Row_2_Section_8_1306
=245  00$aOn the Napoleonic Wars Collected Essays /$cDavid G. chandler
=264  \1$a[Place of publication not identified] :$bGreenhill Books,$c1994
=300  \\$avolume
=336  \\$atext$btxt$2rdacontent
=337  \\$aunmediated$bn$2rdamedia
=338  \\$avolume$bnc$2rdacarrier
=500  \\$aTitle on spreadsheet: "On the Napoleonic Wars Collected Essays"
=590  \\$aHorward Collection$9LOCAL
=700  1\$aChandler, David G.
=936  1\$aHorward, Donald D.,$edonor$9LOCAL

