=LDR  00648nam a2200181Mi 4500
=008  \\\\\\s1984\\\\xx\\\\\\\\\\\\000\0\\\\\d
=040  \\$aFDA$beng$cFDA
=035  \\$a(FSUSCA)Horward_Row_2_Section_1_48
=245  00$aOn War, Indexed Edition /$cvon Clause-Witz, Carl
=264  \1$a[Place of publication not identified] :$bPrinceton University Press,$c1984
=300  \\$avolume
=336  \\$atext$btxt$2rdacontent
=337  \\$aunmediated$bn$2rdamedia
=338  \\$avolume$bnc$2rdacarrier
=500  \\$aTitle on spreadsheet: "On War: Indexed Edition"
=590  \\$aHorward Collection$9LOCAL
=700  1\$avon Clause-Witz, Carl
=936  1\$aHorward, Donald D.,$edonor$9LOCAL

