=LDR  00719nam a2200193Mi 4500
=008  \\\\\\s1914\\\\xx\\\\\\\\\\\\000\0\\\\\d
=040  \\$aFDA$beng$cFDA
=035  \\$a(FSUSCA)Horward_Row_2_Section_4_569
=245  00$aO Poder Maritimo na Guerra da Peninsula /$cJ. Da Matta Oliveira
=264  \1$a[Place of publication not identified] :$bTipografia da Cooperativa Militar,$c1914
=300  \\$avolume
=336  \\$atext$btxt$2rdacontent
=337  \\$aunmediated$bn$2rdamedia
=338  \\$avolume$bnc$2rdacarrier
=500  \\$aTitle on spreadsheet: "O Poder Maritimo na Guerra da Peninsula"
=500  \\$aCustom binding.
=590  \\$aHorward Collection$9LOCAL
=700  1\$aDa Matta Oliveira, J.
=936  1\$aHorward, Donald D.,$edonor$9LOCAL

