=LDR  00631nam a2200181Mi 4500
=008  \\\\\\s1961\\\\xx\\\\\\\\\\\\000\0\\\\\d
=040  \\$aFDA$beng$cFDA
=035  \\$a(FSUSCA)Horward_Row_2_Section_1_17
=245  00$aOrdeal of Captain Roeder /$cRoeder, Helen
=264  \1$a[Place of publication not identified] :$bSt. Martin's Press,$c1961
=300  \\$avolume
=336  \\$atext$btxt$2rdacontent
=337  \\$aunmediated$bn$2rdamedia
=338  \\$avolume$bnc$2rdacarrier
=500  \\$aTitle on spreadsheet: "The Ordeal of Captain Roeder "
=590  \\$aHorward Collection$9LOCAL
=700  1\$aRoeder, Helen
=936  1\$aHorward, Donald D.,$edonor$9LOCAL

