=LDR  00752nam a2200193Mi 4500
=008  \\\\\\s1970\\\\xx\\\\\\\\\\\\000\0\\\\\d
=040  \\$aFDA$beng$cFDA
=035  \\$a(FSUSCA)Horward_Row_2_Section_9_1526
=245  00$aOrders, Medals, and Decorations of Britain and Europe in colour /$cPaul Hieronymussen
=250  \\$aSecond Edition
=264  \1$a[Place of publication not identified] :$bLondon Blandford Press,$c1970
=300  \\$avolume
=336  \\$atext$btxt$2rdacontent
=337  \\$aunmediated$bn$2rdamedia
=338  \\$avolume$bnc$2rdacarrier
=500  \\$aTitle on spreadsheet: "Orders, Medals, and Decorations of Britain and Europe in colour"
=590  \\$aHorward Collection$9LOCAL
=700  1\$aHieronymussen, Paul
=936  1\$aHorward, Donald D.,$edonor$9LOCAL

