=LDR  00673nam a2200193Mi 4500
=008  \\\\\\s1988\\\\xx\\\\\\\\\\\\000\0\\\\\d
=040  \\$aFDA$beng$cFDA
=035  \\$a(FSUSCA)Horward_Row_4_Section_6_2193
=245  00$aOrigins of the French Revolution /$cWilliam Doyle
=250  \\$aSecond
=264  \1$a[Place of publication not identified] :$bOxford University Press,$c1988
=300  \\$avolume
=336  \\$atext$btxt$2rdacontent
=337  \\$aunmediated$bn$2rdamedia
=338  \\$avolume$bnc$2rdacarrier
=500  \\$aTitle on spreadsheet: "Origins of the French Revolution"
=590  \\$aHorward Collection$9LOCAL
=700  1\$aDoyle, William
=936  1\$aHorward, Donald D.,$edonor$9LOCAL

