=LDR  00718nam a2200193Mi 4500
=008  \\\\\\s1925\\\\xx\\\\\\\\\\\\000\0\\\\\d
=040  \\$aFDA$beng$cFDA
=035  \\$a(FSUSCA)Horward_Row_2_Section_3_505
=245  00$aO Servico de Saude na Campanha do Roussillon /$cManoel Giao
=264  \1$a[Place of publication not identified] :$bEmpresa Literaria Fluminense,$c1925
=300  \\$avolume
=336  \\$atext$btxt$2rdacontent
=337  \\$aunmediated$bn$2rdamedia
=338  \\$avolume$bnc$2rdacarrier
=500  \\$aTitle on spreadsheet: "O Servico de Saude na Campanha do Roussillon"
=500  \\$aMay contain custom binding.
=590  \\$aHorward Collection$9LOCAL
=700  1\$aGiao, Manoel
=936  1\$aHorward, Donald D.,$edonor$9LOCAL

