=LDR  00673nam a2200193Mi 4500
=008  \\\\\\s2000\\\\xx\\\\\\\\\\\\000\0\\\\\d
=040  \\$aFDA$beng$cFDA
=035  \\$a(FSUSCA)Horward_Row_2_Section_11_1983
=245  00$aO Tempo de Napoleao em Portugal /$cAntonio Pedro Vicente
=264  \1$a[Place of publication not identified] :$bLisboa,$c2000
=300  \\$avolume
=336  \\$atext$btxt$2rdacontent
=337  \\$aunmediated$bn$2rdamedia
=338  \\$avolume$bnc$2rdacarrier
=500  \\$aTitle on spreadsheet: "O Tempo de Napoleao em Portugal "
=500  \\$aSigned.
=590  \\$aHorward Collection$9LOCAL
=700  1\$aVicente, Antonio Pedro
=936  1\$aHorward, Donald D.,$edonor$9LOCAL

