=LDR  00648nam a2200193Mi 4500
=008  \\\\\\s2007\\\\xx\\\\\\\\\\\\000\0\\\\\d
=040  \\$aFDA$beng$cFDA
=035  \\$a(FSUSCA)Horward_Row_4_Section_6_2168
=245  00$aO Ultimo Tavora /$cJose Norton
=264  \1$a[Place of publication not identified] :$bDom Quixote,$c2007
=300  \\$avolume
=336  \\$atext$btxt$2rdacontent
=337  \\$aunmediated$bn$2rdamedia
=338  \\$avolume$bnc$2rdacarrier
=500  \\$aTitle on spreadsheet: "O Ultimo Tavora"
=500  \\$aSigned and letter from Horward.
=590  \\$aHorward Collection$9LOCAL
=700  1\$aNorton, Jose
=936  1\$aHorward, Donald D.,$edonor$9LOCAL

