=LDR  00672nam a2200181Mi 4500
=008  \\\\\\s1971\\\\xx\\\\\\\\\\\\000\0\\\\\d
=040  \\$aFDA$beng$cFDA
=035  \\$a(FSUSCA)Horward_Row_4_Section_8_2624
=245  00$aOxfordshire and Buckinghamshire Light Infantry /$cPhilip Booth
=264  \1$a[Place of publication not identified] :$bLeo Cooper Ltd.,$c1971
=300  \\$avolume
=336  \\$atext$btxt$2rdacontent
=337  \\$aunmediated$bn$2rdamedia
=338  \\$avolume$bnc$2rdacarrier
=500  \\$aTitle on spreadsheet: "The Oxfordshire and Buckinghamshire Light Infantry"
=590  \\$aHorward Collection$9LOCAL
=700  1\$aBooth, Philip
=936  1\$aHorward, Donald D.,$edonor$9LOCAL

