=LDR  00656nam a2200193Mi 4500
=008  \\\\\\s1948\\\\xx\\\\\\\\\\\\000\0\\\\\d
=040  \\$aFDA$beng$cFDA
=035  \\$a(FSUSCA)Horward_Row_4_Section_8_2605
=245  00$aPagent Master of the Republic /$cDowd
=264  \1$a[Place of publication not identified] :$bUniversity of Nebraska,$c1948
=300  \\$avolume
=336  \\$atext$btxt$2rdacontent
=337  \\$aunmediated$bn$2rdamedia
=338  \\$avolume$bnc$2rdacarrier
=500  \\$aTitle on spreadsheet: "Pagent Master of the Republic"
=500  \\$aCustom binding.
=590  \\$aHorward Collection$9LOCAL
=700  1\$aDowd
=936  1\$aHorward, Donald D.,$edonor$9LOCAL

