=LDR  00740nam a2200193Mi 4500
=008  \\\\\\s1982\\\\xx\\\\\\\\\\\\000\0\\\\\d
=040  \\$aFDA$beng$cFDA
=035  \\$a(FSUSCA)Horward_Row_2_Section_9_1478
=245  00$aPapers of British Cabinet Ministers 1782-1900 /$cThe Royal Commission on Historical Manuscripts
=250  \\$a1
=264  \1$a[Place of publication not identified] :$bHMSO,$c1982
=300  \\$avolume
=336  \\$atext$btxt$2rdacontent
=337  \\$aunmediated$bn$2rdamedia
=338  \\$avolume$bnc$2rdacarrier
=500  \\$aTitle on spreadsheet: "Papers of British Cabinet Ministers 1782-1900"
=590  \\$aHorward Collection$9LOCAL
=710  2\$aThe Royal Commission on Historical Manuscripts
=936  1\$aHorward, Donald D.,$edonor$9LOCAL

