=LDR  00662nam a2200181Mi 4500
=008  \\\\\\s1964\\\\xx\\\\\\\\\\\\000\0\\\\\d
=040  \\$aFDA$beng$cFDA
=035  \\$a(FSUSCA)Horward_Row_2_Section_10_1705
=245  00$aParis, In the Terror, June 1793-July 1794 /$cStanley Loomis
=264  \1$a[Place of publication not identified] :$bLippincott co.,$c1964
=300  \\$avolume
=336  \\$atext$btxt$2rdacontent
=337  \\$aunmediated$bn$2rdamedia
=338  \\$avolume$bnc$2rdacarrier
=500  \\$aTitle on spreadsheet: "Paris, In the Terror: June 1793-July 1794"
=590  \\$aHorward Collection$9LOCAL
=700  1\$aLoomis, Stanley
=936  1\$aHorward, Donald D.,$edonor$9LOCAL

