=LDR  00628nam a2200181Mi 4500
=008  \\\\\\s1989\\\\xx\\\\\\\\\\\\000\0\\\\\d
=040  \\$aFDA$beng$cFDA
=035  \\$a(FSUSCA)Horward_Row_4_Section_6_2268
=245  00$aParis During the Revolution /$cGeorges Poisson
=264  \1$a[Place of publication not identified] :$bBonechi,$c1989
=300  \\$avolume
=336  \\$atext$btxt$2rdacontent
=337  \\$aunmediated$bn$2rdamedia
=338  \\$avolume$bnc$2rdacarrier
=500  \\$aTitle on spreadsheet: "Paris During the Revolution"
=590  \\$aHorward Collection$9LOCAL
=700  1\$aPoisson, Georges
=936  1\$aHorward, Donald D.,$edonor$9LOCAL

