=LDR  00644nam a2200193Mi 4500
=008  \\\\\\s1908\\\\xx\\\\\\\\\\\\000\0\\\\\d
=040  \\$aFDA$beng$cFDA
=035  \\$a(FSUSCA)Horward_Row_4_Section_6_2292
=245  00$aParis Revolutionnaire /$cG. Lenotre
=264  \1$a[Place of publication not identified] :$bPerrin et Cie,$c1908
=300  \\$avolume
=336  \\$atext$btxt$2rdacontent
=337  \\$aunmediated$bn$2rdamedia
=338  \\$avolume$bnc$2rdacarrier
=500  \\$aTitle on spreadsheet: "Paris Revolutionnaire"
=500  \\$aCustom binding.
=590  \\$aHorward Collection$9LOCAL
=700  1\$aLenotre, G.
=936  1\$aHorward, Donald D.,$edonor$9LOCAL

