=LDR  00699nam a2200181Mi 4500
=008  \\\\\\s1982\\\\xx\\\\\\\\\\\\000\0\\\\\d
=040  \\$aFDA$beng$cFDA
=035  \\$a(FSUSCA)Horward_Row_2_Section_11_1867
=245  00$aPartners in Revolution, The United Irishmen and France /$cMarianne Elliott
=264  \1$a[Place of publication not identified] :$bYale University Press,$c1982
=300  \\$avolume
=336  \\$atext$btxt$2rdacontent
=337  \\$aunmediated$bn$2rdamedia
=338  \\$avolume$bnc$2rdacarrier
=500  \\$aTitle on spreadsheet: "Partners in Revolution: The United Irishmen and France"
=590  \\$aHorward Collection$9LOCAL
=700  1\$aElliott, Marianne
=936  1\$aHorward, Donald D.,$edonor$9LOCAL

