=LDR  00662nam a2200181Mi 4500
=008  \\\\\\s1964\\\\xx\\\\\\\\\\\\000\0\\\\\d
=040  \\$aFDA$beng$cFDA
=035  \\$a(FSUSCA)Horward_Row_2_Section_11_2011
=245  00$aPart of the Wonderful Scene, An Autobiography /$cStephen Grham
=264  \1$a[Place of publication not identified] :$bCollins,$c1964
=300  \\$avolume
=336  \\$atext$btxt$2rdacontent
=337  \\$aunmediated$bn$2rdamedia
=338  \\$avolume$bnc$2rdacarrier
=500  \\$aTitle on spreadsheet: "Part of the Wonderful Scene: An Autobiography"
=590  \\$aHorward Collection$9LOCAL
=700  1\$aGraham, Stephen
=936  1\$aHorward, Donald D.,$edonor$9LOCAL

