=LDR  00772nam a2200193Mi 4500
=008  \\\\\\s1884\\\\xx\\\\\\\\\\\\000\0\\\\\d
=040  \\$aFDA$beng$cFDA
=035  \\$a(FSUSCA)Horward_Row_2_Section_11_1988
=245  00$aPassages in the Early Military Life of General Sir George T. Napier, K.C.B. /$cEd. by General W.C.E. Napier
=264  \1$a[Place of publication not identified] :$bJohn Murray,$c1884
=300  \\$avolume
=336  \\$atext$btxt$2rdacontent
=337  \\$aunmediated$bn$2rdamedia
=338  \\$avolume$bnc$2rdacarrier
=500  \\$aTitle on spreadsheet: "Passages in the Early Military Life of General Sir George T. Napier, K.C.B."
=500  \\$aCustom binding.
=590  \\$aHorward Collection$9LOCAL
=700  1\$aNapier, W.C.E.
=936  1\$aHorward, Donald D.,$edonor$9LOCAL

