=LDR  00784nam a2200181Mi 4500
=008  \\\\\\s2005\\\\xx\\\\\\\\\\\\000\0\\\\\d
=040  \\$aFDA$beng$cFDA
=035  \\$a(FSUSCA)Horward_Row_4_Section_6_2167
=245  00$aPatriotic War of 1812 /$cMinistry of Culture of Russian Federation State Bordino War and History Museum and Reserve
=264  \1$a[Place of publication not identified] :$b[publisher not identified],$c2005
=300  \\$avolume
=336  \\$atext$btxt$2rdacontent
=337  \\$aunmediated$bn$2rdamedia
=338  \\$avolume$bnc$2rdacarrier
=500  \\$aTitle on spreadsheet: "Patriotic War of 1812"
=590  \\$aHorward Collection$9LOCAL
=710  2\$aMinistry of Culture of Russian Federation State Bordino War and History Museum and Reserve
=936  1\$aHorward, Donald D.,$edonor$9LOCAL

