=LDR  00704nam a2200205Mi 4500
=008  \\\\\\s1945\\\\xx\\\\\\\\\\\\000\0\\\\\d
=040  \\$aFDA$beng$cFDA
=035  \\$a(FSUSCA)Horward_Row_2_Section_4_611
=245  00$aPatterns of Peacemaking /$cDavid Thomson, E. Meer, A. Briggs
=264  \1$a[Place of publication not identified] :$bOxford University Press,$c1945
=300  \\$avolume
=336  \\$atext$btxt$2rdacontent
=337  \\$aunmediated$bn$2rdamedia
=338  \\$avolume$bnc$2rdacarrier
=500  \\$aTitle on spreadsheet: "Patterns of Peacemaking "
=590  \\$aHorward Collection$9LOCAL
=700  1\$aThomson, David
=700  1\$aMeer, E.
=700  1\$aBriggs, A.
=936  1\$aHorward, Donald D.,$edonor$9LOCAL

