=LDR  00641nam a2200181Mi 4500
=008  \\\\\\s1930\\\\xx\\\\\\\\\\\\000\0\\\\\d
=040  \\$aFDA$beng$cFDA
=035  \\$a(FSUSCA)Horward_Row_4_Section_8_2656
=245  00$aPauline Favorits Sister of Napoleon /$cW.N.C Carlton
=264  \1$a[Place of publication not identified] :$bHarpers,$c1930
=300  \\$avolume
=336  \\$atext$btxt$2rdacontent
=337  \\$aunmediated$bn$2rdamedia
=338  \\$avolume$bnc$2rdacarrier
=500  \\$aTitle on spreadsheet: "Pauline Favorits Sister of Napoleon "
=590  \\$aHorward Collection$9LOCAL
=700  1\$aCarlton, W.N.C
=936  1\$aHorward, Donald D.,$edonor$9LOCAL

