=LDR  00650nam a2200181Mi 4500
=008  \\\\\\s1968\\\\xx\\\\\\\\\\\\000\0\\\\\d
=040  \\$aFDA$beng$cFDA
=035  \\$a(FSUSCA)Horward_Row_2_Section_9_1534
=245  00$aPeninsular and Waterloo Campaigns /$cEdward Costello
=264  \1$a[Place of publication not identified] :$bArchon Books,$c1968
=300  \\$avolume
=336  \\$atext$btxt$2rdacontent
=337  \\$aunmediated$bn$2rdamedia
=338  \\$avolume$bnc$2rdacarrier
=500  \\$aTitle on spreadsheet: "The Peninsular and Waterloo Campaigns "
=590  \\$aHorward Collection$9LOCAL
=700  1\$aCostello, Edward
=936  1\$aHorward, Donald D.,$edonor$9LOCAL

