=LDR  00787nam a2200181Mi 4500
=008  \\\\\\s1951\\\\xx\\\\\\\\\\\\000\0\\\\\d
=040  \\$aFDA$beng$cFDA
=035  \\$a(FSUSCA)Horward_Row_2_Section_11_1880
=245  00$aPeninsular Cavalry General (1811-13), The Correspondence of Lieutenant-General Robert Ballad Long /$cT. H. McGuffie
=264  \1$a[Place of publication not identified] :$bGeorge G. Harap and Co. LTD,$c1951
=300  \\$avolume
=336  \\$atext$btxt$2rdacontent
=337  \\$aunmediated$bn$2rdamedia
=338  \\$avolume$bnc$2rdacarrier
=500  \\$aTitle on spreadsheet: "Peninsular Cavalry General (1811-13): The Correspondence of Lieutenant-General Robert Ballad Long"
=590  \\$aHorward Collection$9LOCAL
=700  1\$aMcGuffie, T. H.
=936  1\$aHorward, Donald D.,$edonor$9LOCAL

