=LDR  00618nam a2200181Mi 4500
=008  \\\\\\s2003\\\\xx\\\\\\\\\\\\000\0\\\\\d
=040  \\$aFDA$beng$cFDA
=035  \\$a(FSUSCA)Horward_Row_2_Section_12_2022
=245  00$aPeninsular War /$cCharles Esdaile
=264  \1$a[Place of publication not identified] :$bPalgrave Macmillan,$c2003
=300  \\$avolume
=336  \\$atext$btxt$2rdacontent
=337  \\$aunmediated$bn$2rdamedia
=338  \\$avolume$bnc$2rdacarrier
=500  \\$aTitle on spreadsheet: "The Peninsular War"
=590  \\$aHorward Collection$9LOCAL
=700  1\$aEsdaile, Charles
=936  1\$aHorward, Donald D.,$edonor$9LOCAL

