=LDR  00623nam a2200181Mi 4500
=008  \\\\\\s1975\\\\xx\\\\\\\\\\\\000\0\\\\\d
=040  \\$aFDA$beng$cFDA
=035  \\$a(FSUSCA)Horward_Row_2_Section_9_1508
=245  00$aPeninsula Veterans /$cD.S. Richards
=264  \1$a[Place of publication not identified] :$bMacdonald and Janes,$c1975
=300  \\$avolume
=336  \\$atext$btxt$2rdacontent
=337  \\$aunmediated$bn$2rdamedia
=338  \\$avolume$bnc$2rdacarrier
=500  \\$aTitle on spreadsheet: "The Peninsula Veterans "
=590  \\$aHorward Collection$9LOCAL
=700  1\$aRichards, D.S.
=936  1\$aHorward, Donald D.,$edonor$9LOCAL

