=LDR  00614nam a2200181Mi 4500
=008  \\\\\\s1912\\\\xx\\\\\\\\\\\\000\0\\\\\d
=040  \\$aFDA$beng$cFDA
=035  \\$a(FSUSCA)Horward_Row_2_Section_9_1550
=245  00$aPeninsula War /$cCharles Boutflower
=264  \1$a[Place of publication not identified] :$bRefuge Printing,$c1912
=300  \\$avolume
=336  \\$atext$btxt$2rdacontent
=337  \\$aunmediated$bn$2rdamedia
=338  \\$avolume$bnc$2rdacarrier
=500  \\$aTitle on spreadsheet: "Peninsula War"
=590  \\$aHorward Collection$9LOCAL
=700  1\$aBoutflower, Charles
=936  1\$aHorward, Donald D.,$edonor$9LOCAL

