=LDR  00699nam a2200193Mi 4500
=008  \\\\\\suuuu\\\\xx\\\\\\\\\\\\000\0\\\\\d
=040  \\$aFDA$beng$cFDA
=035  \\$a(FSUSCA)Horward_Row_2_Section_4_606
=245  00$aPerrochel et Massena /$cEdouard Rott
=264  \1$a[Place of publication not identified] :$bNeichatel Attinger Freres, Editeurs,$c[date of publication not identified]
=300  \\$avolume
=336  \\$atext$btxt$2rdacontent
=337  \\$aunmediated$bn$2rdamedia
=338  \\$avolume$bnc$2rdacarrier
=500  \\$aTitle on spreadsheet: "Perrochel et Massena"
=500  \\$aCustom binding.
=590  \\$aHorward Collection$9LOCAL
=700  1\$aRott, Edouard
=936  1\$aHorward, Donald D.,$edonor$9LOCAL

