=LDR  00670nam a2200181Mi 4500
=008  \\\\\\s1927\\\\xx\\\\\\\\\\\\000\0\\\\\d
=040  \\$aFDA$beng$cFDA
=035  \\$a(FSUSCA)Horward_Row_2_Section_9_1620
=245  00$aPhilarete Chasles, Guillaume Guizot Arthur Chuquet /$cCharles Andler
=264  \1$a[Place of publication not identified] :$bParis,$c1927
=300  \\$avolume
=336  \\$atext$btxt$2rdacontent
=337  \\$aunmediated$bn$2rdamedia
=338  \\$avolume$bnc$2rdacarrier
=500  \\$aTitle on spreadsheet: "Philarete Chasles, Guillaume Guizot Arthur Chuquet"
=590  \\$aHorward Collection$9LOCAL
=700  1\$aAndler, Charles
=936  1\$aHorward, Donald D.,$edonor$9LOCAL

