=LDR  00709nam a2200193Mi 4500
=008  \\\\\\s2003\\\\xx\\\\\\\\\\\\000\0\\\\\d
=040  \\$aFDA$beng$cFDA
=035  \\$a(FSUSCA)Horward_Row_2_Section_1_32
=245  00$aPlace a Monsieur Larrey, Chirurgen de la garde imperiale /$cMarchioni, Jean
=264  \1$a[Place of publication not identified] :$bActes Sud,$c2003
=300  \\$avolume
=336  \\$atext$btxt$2rdacontent
=337  \\$aunmediated$bn$2rdamedia
=338  \\$avolume$bnc$2rdacarrier
=500  \\$aTitle on spreadsheet: "Place a Monsieur Larrey: Chirurgen de la garde imperiale"
=500  \\$aSigned.
=590  \\$aHorward Collection$9LOCAL
=700  1\$aMarchioni, Jean
=936  1\$aHorward, Donald D.,$edonor$9LOCAL

