=LDR  00745nam a2200205Mi 4500
=008  \\\\\\suuuu\\\\xx\\\\\\\\\\\\000\0\\\\\d
=040  \\$aFDA$beng$cFDA
=035  \\$a(FSUSCA)Horward_Row_2_Section_10_1665
=245  00$aPoisoning of Napoleon /$cBen Weider and Pascal Kintz
=264  \1$a[Place of publication not identified] :$bInternational Napoleonic Society,$c[date of publication not identified]
=300  \\$avolume
=336  \\$atext$btxt$2rdacontent
=337  \\$aunmediated$bn$2rdamedia
=338  \\$avolume$bnc$2rdacarrier
=500  \\$aTitle on spreadsheet: "The Poisoning of Napoleon"
=500  \\$aSpiral bound.
=590  \\$aHorward Collection$9LOCAL
=700  1\$aWeider, Ben
=700  1\$aKintz, Pascal
=936  1\$aHorward, Donald D.,$edonor$9LOCAL

