=LDR  00774nam a2200181Mi 4500
=008  \\\\\\s1973\\\\xx\\\\\\\\\\\\000\0\\\\\d
=040  \\$aFDA$beng$cFDA
=035  \\$a(FSUSCA)Horward_Row_2_Section_12_2026
=245  00$aPolitical and Military Career of Don Pedro caro y sureda, marques de la Romana /$cWinslow Copley Goodwin Jr.
=264  \1$a[Place of publication not identified] :$bFlorida State University,$c1973
=300  \\$avolume
=336  \\$atext$btxt$2rdacontent
=337  \\$aunmediated$bn$2rdamedia
=338  \\$avolume$bnc$2rdacarrier
=500  \\$aTitle on spreadsheet: "The Political and Military Career of Don Pedro caro y sureda, marques de la Romana"
=590  \\$aHorward Collection$9LOCAL
=700  1\$aWinslow, Copley Goodwin Jr.
=936  1\$aHorward, Donald D.,$edonor$9LOCAL

