=LDR  00620nam a2200181Mi 4500
=008  \\\\\\s1971\\\\xx\\\\\\\\\\\\000\0\\\\\d
=040  \\$aFDA$beng$cFDA
=035  \\$a(FSUSCA)Horward_Row_4_Section_7_2502
=245  00$aPortrait of De Sade /$cWalter Lenning
=264  \1$a[Place of publication not identified] :$bHerder and Herder,$c1971
=300  \\$avolume
=336  \\$atext$btxt$2rdacontent
=337  \\$aunmediated$bn$2rdamedia
=338  \\$avolume$bnc$2rdacarrier
=500  \\$aTitle on spreadsheet: "Portrait of De Sade"
=590  \\$aHorward Collection$9LOCAL
=700  1\$aLenning, Walter
=936  1\$aHorward, Donald D.,$edonor$9LOCAL

