=LDR  00734nam a2200193Mi 4500
=008  \\\\\\s1990\\\\xx\\\\\\\\\\\\000\0\\\\\d
=040  \\$aFDA$beng$cFDA
=035  \\$a(FSUSCA)Horward_Row_2_Section_10_1664
=245  00$aPortugal, Ancient Country, Yound Democracy /$cKenneth Maxwell and Michael H. Haltzel
=264  \1$a[Place of publication not identified] :$bThe Wilson Center Press,$c1990
=300  \\$avolume
=336  \\$atext$btxt$2rdacontent
=337  \\$aunmediated$bn$2rdamedia
=338  \\$avolume$bnc$2rdacarrier
=500  \\$aTitle on spreadsheet: "Portugal: Ancient Country, Yound Democracy"
=590  \\$aHorward Collection$9LOCAL
=700  1\$aMaxwell, Kenneth
=700  1\$aHaltzel, Michael H.
=936  1\$aHorward, Donald D.,$edonor$9LOCAL

