=LDR  00772nam a2200193Mi 4500
=008  \\\\\\s1992\\\\xx\\\\\\\\\\\\000\0\\\\\d
=040  \\$aFDA$beng$cFDA
=035  \\$a(FSUSCA)Horward_Row_2_Section_8_1416
=245  00$aPortugal's Silver Service A Victory Gift to the Duke of Wellington /$cAngela Delaforce and James Yorke
=264  \1$a[Place of publication not identified] :$bVictoria and Albert Museum,$c1992
=300  \\$avolume
=336  \\$atext$btxt$2rdacontent
=337  \\$aunmediated$bn$2rdamedia
=338  \\$avolume$bnc$2rdacarrier
=500  \\$aTitle on spreadsheet: "Portugal's Silver Service A Victory Gift to the Duke of Wellington"
=590  \\$aHorward Collection$9LOCAL
=700  1\$aDelaforce, Angela
=700  1\$aYorke, James
=936  1\$aHorward, Donald D.,$edonor$9LOCAL

