=LDR  00706nam a2200193Mi 4500
=008  \\\\\\s1913\\\\xx\\\\\\\\\\\\000\0\\\\\d
=040  \\$aFDA$beng$cFDA
=035  \\$a(FSUSCA)Horward_Row_2_Section_6_1008
=245  00$aPreceptes et Jugements de Napoleon /$cErnest Picard
=264  \1$a[Place of publication not identified] :$bBerger-Leverault et cie, Libraires-Editeurs,$c1913
=300  \\$avolume
=336  \\$atext$btxt$2rdacontent
=337  \\$aunmediated$bn$2rdamedia
=338  \\$avolume$bnc$2rdacarrier
=500  \\$aTitle on spreadsheet: "Preceptes et Jugements de Napoleon"
=500  \\$aCustom binding.
=590  \\$aHorward Collection$9LOCAL
=700  1\$aPicard, Ernest
=936  1\$aHorward, Donald D.,$edonor$9LOCAL

