=LDR  00615nam a2200181Mi 4500
=008  \\\\\\s1886\\\\xx\\\\\\\\\\\\000\0\\\\\d
=040  \\$aFDA$beng$cFDA
=035  \\$a(FSUSCA)Horward_Row_2_Section_6_949
=245  00$aPrecis de la Campagne de 1805
=264  \1$a[Place of publication not identified] :$bBruxelles,$c1886
=300  \\$avolume
=336  \\$atext$btxt$2rdacontent
=337  \\$aunmediated$bn$2rdamedia
=338  \\$avolume$bnc$2rdacarrier
=500  \\$aTitle on spreadsheet: "Precis de la Campagne de 1805"
=500  \\$aCustom binding.
=590  \\$aHorward Collection$9LOCAL
=936  1\$aHorward, Donald D.,$edonor$9LOCAL

