=LDR  00829nam a2200193Mi 4500
=008  \\\\\\s1986\\\\xx\\\\\\\\\\\\000\0\\\\\d
=040  \\$aFDA$beng$cFDA
=035  \\$a(FSUSCA)Horward_Row_2_Section_10_1660
=245  00$aPrime Minister's Papers, Wellington - Political Correspondence II, November 1834-April 1835 /$cRJ Olney and Julia Melvin
=264  \1$a[Place of publication not identified] :$bRoyal Commission on Historical Manuscripts,$c1986
=300  \\$avolume
=336  \\$atext$btxt$2rdacontent
=337  \\$aunmediated$bn$2rdamedia
=338  \\$avolume$bnc$2rdacarrier
=500  \\$aTitle on spreadsheet: "The Prime Minister's Papers: Wellington - Political Correspondence II: November 1834-April 1835"
=590  \\$aHorward Collection$9LOCAL
=700  1\$aOlney, RJ
=700  1\$aMelvin, Julia
=936  1\$aHorward, Donald D.,$edonor$9LOCAL

