=LDR  00816nam a2200181Mi 4500
=008  \\\\\\s1984\\\\xx\\\\\\\\\\\\000\0\\\\\d
=040  \\$aFDA$beng$cFDA
=035  \\$a(FSUSCA)Horward_Row_2_Section_11_1894
=245  00$aPrince Eugene at War, 1809 A Study of the Role of Prince Eugene de Beauharnais in the Franco-Austrian War of 1809 /$cRobert M. Epstein
=264  \1$a[Place of publication not identified] :$bEmpire Games Press,$c1984
=300  \\$avolume
=336  \\$atext$btxt$2rdacontent
=337  \\$aunmediated$bn$2rdamedia
=338  \\$avolume$bnc$2rdacarrier
=500  \\$aTitle on spreadsheet: "Prince Eugene at War: 1809 A Study of the Role of Prince Eugene de Beauharnais in the Franco-Austrian War of 1809"
=590  \\$aHorward Collection$9LOCAL
=700  1\$aEpstein, Robert M.
=936  1\$aHorward, Donald D.,$edonor$9LOCAL

