=LDR  00630nam a2200181Mi 4500
=008  \\\\\\s1960\\\\xx\\\\\\\\\\\\000\0\\\\\d
=040  \\$aFDA$beng$cFDA
=035  \\$a(FSUSCA)Horward_Row_2_Section_2_316
=245  00$aPrinciples of War /$cCarl Von Clausewitz
=264  \1$a[Place of publication not identified] :$bThe Stackpole Company,$c1960
=300  \\$avolume
=336  \\$atext$btxt$2rdacontent
=337  \\$aunmediated$bn$2rdamedia
=338  \\$avolume$bnc$2rdacarrier
=500  \\$aTitle on spreadsheet: "Principles of War "
=590  \\$aHorward Collection$9LOCAL
=700  1\$aVon Clausewitz, Carl
=936  1\$aHorward, Donald D.,$edonor$9LOCAL

