=LDR  00829nam a2200181Mi 4500
=008  \\\\\\s1898\\\\xx\\\\\\\\\\\\000\0\\\\\d
=040  \\$aFDA$beng$cFDA
=035  \\$a(FSUSCA)Horward_Row_2_Section_8_1312
=245  00$aPrisoner of France, The Memoirs, Diary, and Correspondence of Charles Boothby, Captain Royal Engineers, During his last Campaign /$cCharles Boothby
=264  \1$a[Place of publication not identified] :$bAda,$c1898
=300  \\$avolume
=336  \\$atext$btxt$2rdacontent
=337  \\$aunmediated$bn$2rdamedia
=338  \\$avolume$bnc$2rdacarrier
=500  \\$aTitle on spreadsheet: "A Prisoner of France: The Memoirs, Diary, and Correspondence of Charles Boothby, Captain Royal Engineers, During his last Campaign "
=590  \\$aHorward Collection$9LOCAL
=700  1\$aBoothby, Charles
=936  1\$aHorward, Donald D.,$edonor$9LOCAL

