=LDR  00710nam a2200181Mi 4500
=008  \\\\\\s2001\\\\xx\\\\\\\\\\\\000\0\\\\\d
=040  \\$aFDA$beng$cFDA
=035  \\$a(FSUSCA)Horward_Row_2_Section_11_1881
=245  00$aPrisoners of Cabrera, Napoleon's Forgotten Soldiers 1809-1814 /$cDenis Smith
=264  \1$a[Place of publication not identified] :$bFour Walls Eight Windows,$c2001
=300  \\$avolume
=336  \\$atext$btxt$2rdacontent
=337  \\$aunmediated$bn$2rdamedia
=338  \\$avolume$bnc$2rdacarrier
=500  \\$aTitle on spreadsheet: "The Prisoners of Cabrera: Napoleon's Forgotten Soldiers 1809-1814"
=590  \\$aHorward Collection$9LOCAL
=700  1\$aSmith, Denis
=936  1\$aHorward, Donald D.,$edonor$9LOCAL

