=LDR  00711nam a2200193Mi 4500
=008  \\\\\\s1932\\\\xx\\\\\\\\\\\\000\0\\\\\d
=040  \\$aFDA$beng$cFDA
=035  \\$a(FSUSCA)Horward_Row_2_Section_3_393
=245  00$aPrisonneirs et Fugitifs, Episodes D'Histoire /$cMaurice Perrot
=264  \1$a[Place of publication not identified] :$bLibrairie Academique Perrin,$c1932
=300  \\$avolume
=336  \\$atext$btxt$2rdacontent
=337  \\$aunmediated$bn$2rdamedia
=338  \\$avolume$bnc$2rdacarrier
=500  \\$aTitle on spreadsheet: "Prisonneirs et Fugitifs: Episodes D'Histoire"
=500  \\$aCustom binding.
=590  \\$aHorward Collection$9LOCAL
=700  1\$aPerrot, Maurice
=936  1\$aHorward, Donald D.,$edonor$9LOCAL

