=LDR  00746nam a2200193Mi 4500
=008  \\\\\\s1861\\\\xx\\\\\\\\\\\\000\0\\\\\d
=040  \\$aFDA$beng$cFDA
=035  \\$a(FSUSCA)Horward_Row_4_Section_6_2166
=245  00$aPrivate Correspondence of Thomas Raikes with the Duke of Wellington /$cHarriet Raikes
=264  \1$a[Place of publication not identified] :$bRichard Bentley,$c1861
=300  \\$avolume
=336  \\$atext$btxt$2rdacontent
=337  \\$aunmediated$bn$2rdamedia
=338  \\$avolume$bnc$2rdacarrier
=500  \\$aTitle on spreadsheet: "Private Correspondence of Thomas Raikes with the Duke of Wellington"
=500  \\$aCustom binding.
=590  \\$aHorward Collection$9LOCAL
=700  1\$aRaikes, Harriet
=936  1\$aHorward, Donald D.,$edonor$9LOCAL

