=LDR  00666nam a2200181Mi 4500
=008  \\\\\\s1957\\\\xx\\\\\\\\\\\\000\0\\\\\d
=040  \\$aFDA$beng$cFDA
=035  \\$a(FSUSCA)Horward_Row_4_Section_7_2509
=245  00$aPrivate Life of the Empress Josephine /$cCharles Kunstler
=264  \1$a[Place of publication not identified] :$bDavid McKay Company,$c1957
=300  \\$avolume
=336  \\$atext$btxt$2rdacontent
=337  \\$aunmediated$bn$2rdamedia
=338  \\$avolume$bnc$2rdacarrier
=500  \\$aTitle on spreadsheet: "The Private Life of the Empress Josephine"
=590  \\$aHorward Collection$9LOCAL
=700  1\$aKunstler, Charles
=936  1\$aHorward, Donald D.,$edonor$9LOCAL

