=LDR  00689nam a2200205Mi 4500
=008  \\\\\\s1965\\\\xx\\\\\\\\\\\\000\0\\\\\d
=040  \\$aFDA$beng$cFDA
=035  \\$a(FSUSCA)Horward_Row_4_Section_8_2643
=245  00$aProscits et Exiles apres Waterloo /$cDoher
=250  \\$aoriginal edition
=264  \1$a[Place of publication not identified] :$bJ. Peyronnet,$c1965
=300  \\$avolume
=336  \\$atext$btxt$2rdacontent
=337  \\$aunmediated$bn$2rdamedia
=338  \\$avolume$bnc$2rdacarrier
=500  \\$aTitle on spreadsheet: "Proscits et Exiles apres Waterloo"
=500  \\$aCustom binding.
=590  \\$aHorward Collection$9LOCAL
=700  1\$aDoher
=936  1\$aHorward, Donald D.,$edonor$9LOCAL

