=LDR  00762nam a2200181Mi 4500
=008  \\\\\\s1966\\\\xx\\\\\\\\\\\\000\0\\\\\d
=040  \\$aFDA$beng$cFDA
=035  \\$a(FSUSCA)Horward_Row_2_Section_11_1853
=245  00$aQuasi-War, The Politics and Diplomacy of the Undeclared War with France, 1797-1801 /$cAlexander DeConde
=264  \1$a[Place of publication not identified] :$bChares Scribner's Sons,$c1966
=300  \\$avolume
=336  \\$atext$btxt$2rdacontent
=337  \\$aunmediated$bn$2rdamedia
=338  \\$avolume$bnc$2rdacarrier
=500  \\$aTitle on spreadsheet: "The Quasi-War: The Politics and Diplomacy of the Undeclared War with France, 1797-1801"
=590  \\$aHorward Collection$9LOCAL
=700  1\$aDeConde, Alexander
=936  1\$aHorward, Donald D.,$edonor$9LOCAL

