=LDR  00695nam a2200181Mi 4500
=008  \\\\\\s1973\\\\xx\\\\\\\\\\\\000\0\\\\\d
=040  \\$aFDA$beng$cFDA
=035  \\$a(FSUSCA)Horward_Row_2_Section_2_173
=245  00$aQuest for Victory, French Military Strategy, 1792-1799 /$cSteven T. Ross
=264  \1$a[Place of publication not identified] :$bA.S. Barnes and Company,$c1973
=300  \\$avolume
=336  \\$atext$btxt$2rdacontent
=337  \\$aunmediated$bn$2rdamedia
=338  \\$avolume$bnc$2rdacarrier
=500  \\$aTitle on spreadsheet: "Quest for Victory: French Military Strategy, 1792-1799"
=590  \\$aHorward Collection$9LOCAL
=700  1\$aRoss, Steven T.
=936  1\$aHorward, Donald D.,$edonor$9LOCAL

