=LDR  00643nam a2200205Mi 4500
=008  \\\\\\s1941\\\\xx\\\\\\\\\\\\000\0\\\\\d
=040  \\$aFDA$beng$cFDA
=035  \\$a(FSUSCA)Horward_Row_4_Section_8_2583
=245  00$aQuiberon /$cVauban
=250  \\$a3rd Edition
=264  \1$a[Place of publication not identified] :$bAux Armes de France,$c1941
=300  \\$avolume
=336  \\$atext$btxt$2rdacontent
=337  \\$aunmediated$bn$2rdamedia
=338  \\$avolume$bnc$2rdacarrier
=500  \\$aTitle on spreadsheet: "Quiberon"
=500  \\$aCustom binding.
=590  \\$aHorward Collection$9LOCAL
=700  1\$aVauban
=936  1\$aHorward, Donald D.,$edonor$9LOCAL

