=LDR  00653nam a2200181Mi 4500
=008  \\\\\\s1972\\\\xx\\\\\\\\\\\\000\0\\\\\d
=040  \\$aFDA$beng$cFDA
=035  \\$a(FSUSCA)Horward_Row_2_Section_10_1783
=245  00$aReactions to the French Revolution /$cRichard Cobb
=264  \1$a[Place of publication not identified] :$bOxford University Press,$c1972
=300  \\$avolume
=336  \\$atext$btxt$2rdacontent
=337  \\$aunmediated$bn$2rdamedia
=338  \\$avolume$bnc$2rdacarrier
=500  \\$aTitle on spreadsheet: "Reactions to the French Revolution"
=590  \\$aHorward Collection$9LOCAL
=700  1\$aCobb, Richard
=936  1\$aHorward, Donald D.,$edonor$9LOCAL

