=LDR  00719nam a2200193Mi 4500
=008  \\\\\\s1996\\\\xx\\\\\\\\\\\\000\0\\\\\d
=040  \\$aFDA$beng$cFDA
=035  \\$a(FSUSCA)Horward_Row_2_Section_8_1420
=245  00$aReader's Company To, Military History /$cRobert Cowley and Geoffrey Parker
=264  \1$a[Place of publication not identified] :$bHoughton Mifflin Company,$c1996
=300  \\$avolume
=336  \\$atext$btxt$2rdacontent
=337  \\$aunmediated$bn$2rdamedia
=338  \\$avolume$bnc$2rdacarrier
=500  \\$aTitle on spreadsheet: "The Reader's Company To: Military History "
=590  \\$aHorward Collection$9LOCAL
=700  1\$aCowley, Robert
=700  1\$aParker, Geoffrey
=936  1\$aHorward, Donald D.,$edonor$9LOCAL

