=LDR  00681nam a2200193Mi 4500
=008  \\\\\\s1908\\\\xx\\\\\\\\\\\\000\0\\\\\d
=040  \\$aFDA$beng$cFDA
=035  \\$a(FSUSCA)Horward_Row_2_Section_4_567
=245  00$aRecits des Temps revolutionnaires /$cErnest Daudet
=264  \1$a[Place of publication not identified] :$bLibrairie Hachette Et,$c1908
=300  \\$avolume
=336  \\$atext$btxt$2rdacontent
=337  \\$aunmediated$bn$2rdamedia
=338  \\$avolume$bnc$2rdacarrier
=500  \\$aTitle on spreadsheet: "Recits des Temps revolutionnaires"
=500  \\$aCustom binding.
=590  \\$aHorward Collection$9LOCAL
=700  1\$aDaudet, Ernest
=936  1\$aHorward, Donald D.,$edonor$9LOCAL

