=LDR  00645nam a2200181Mi 4500
=008  \\\\\\s1929\\\\xx\\\\\\\\\\\\000\0\\\\\d
=040  \\$aFDA$beng$cFDA
=035  \\$a(FSUSCA)Horward_Row_4_Section_6_2172
=245  00$aRecollections of Rifleman Harris /$cHenry Curling
=264  \1$a[Place of publication not identified] :$bPeter Davies, Ltd.,$c1929
=300  \\$avolume
=336  \\$atext$btxt$2rdacontent
=337  \\$aunmediated$bn$2rdamedia
=338  \\$avolume$bnc$2rdacarrier
=500  \\$aTitle on spreadsheet: "Recollections of Rifleman Harris"
=590  \\$aHorward Collection$9LOCAL
=700  1\$aCurling, Henry
=936  1\$aHorward, Donald D.,$edonor$9LOCAL

