=LDR  00737nam a2200181Mi 4500
=008  \\\\\\s1900\\\\xx\\\\\\\\\\\\000\0\\\\\d
=040  \\$aFDA$beng$cFDA
=035  \\$a(FSUSCA)Horward_Row_2_Section_8_1443
=245  00$aRecords and Badges of Every Regiment and Corps in the British Army /$cHenry Manners Chichester
=264  \1$a[Place of publication not identified] :$bGale and Polden,$c1900
=300  \\$avolume
=336  \\$atext$btxt$2rdacontent
=337  \\$aunmediated$bn$2rdamedia
=338  \\$avolume$bnc$2rdacarrier
=500  \\$aTitle on spreadsheet: "The Records and Badges of Every Regiment and Corps in the British Army "
=590  \\$aHorward Collection$9LOCAL
=700  1\$aChichester, Henry Manners
=936  1\$aHorward, Donald D.,$edonor$9LOCAL

