=LDR  00700nam a2200193Mi 4500
=008  \\\\\\s1845\\\\xx\\\\\\\\\\\\000\0\\\\\d
=040  \\$aFDA$beng$cFDA
=035  \\$a(FSUSCA)Horward_Row_2_Section_5_782
=245  00$aRecreil sur les Reconnaissances Militaires /$cJ. Correard
=264  \1$a[Place of publication not identified] :$b[publisher not identified],$c1845
=300  \\$avolume
=336  \\$atext$btxt$2rdacontent
=337  \\$aunmediated$bn$2rdamedia
=338  \\$avolume$bnc$2rdacarrier
=500  \\$aTitle on spreadsheet: "Recreil sur les Reconnaissances Militaires"
=500  \\$aCustom binding.
=590  \\$aHorward Collection$9LOCAL
=700  1\$aCorreard, J.
=936  1\$aHorward, Donald D.,$edonor$9LOCAL

