=LDR  00648nam a2200193Mi 4500
=008  \\\\\\s1998\\\\xx\\\\\\\\\\\\000\0\\\\\d
=040  \\$aFDA$beng$cFDA
=035  \\$a(FSUSCA)Horward_Row_4_Section_7_2340
=245  00$aRed Lancers /$cRonald Pawly
=264  \1$a[Place of publication not identified] :$bThe Crowood Press,$c1998
=300  \\$avolume
=336  \\$atext$btxt$2rdacontent
=337  \\$aunmediated$bn$2rdamedia
=338  \\$avolume$bnc$2rdacarrier
=500  \\$aTitle on spreadsheet: "The Red Lancers"
=500  \\$aInvoice and correspondence.
=590  \\$aHorward Collection$9LOCAL
=700  1\$aPawly, Ronald
=936  1\$aHorward, Donald D.,$edonor$9LOCAL

