=LDR  00638nam a2200181Mi 4500
=008  \\\\\\s1953\\\\xx\\\\\\\\\\\\000\0\\\\\d
=040  \\$aFDA$beng$cFDA
=035  \\$a(FSUSCA)Horward_Row_4_Section_8_2580
=245  00$aReflections on the French Revolution /$cBurke
=264  \1$a[Place of publication not identified] :$bE.P. Dutton and Co.,$c1953
=300  \\$avolume
=336  \\$atext$btxt$2rdacontent
=337  \\$aunmediated$bn$2rdamedia
=338  \\$avolume$bnc$2rdacarrier
=500  \\$aTitle on spreadsheet: "Reflections on the French Revolution "
=590  \\$aHorward Collection$9LOCAL
=700  1\$aBurke
=936  1\$aHorward, Donald D.,$edonor$9LOCAL

