=LDR  00642nam a2200181Mi 4500
=008  \\\\\\s1942\\\\xx\\\\\\\\\\\\000\0\\\\\d
=040  \\$aFDA$beng$cFDA
=035  \\$a(FSUSCA)Horward_Row_4_Section_7_2546
=245  00$aRegimental War Tales /$cA. F. Mockler-Ferryman
=264  \1$a[Place of publication not identified] :$bSlatter and Rose Ltd.,$c1942
=300  \\$avolume
=336  \\$atext$btxt$2rdacontent
=337  \\$aunmediated$bn$2rdamedia
=338  \\$avolume$bnc$2rdacarrier
=500  \\$aTitle on spreadsheet: "Regimental War Tales"
=590  \\$aHorward Collection$9LOCAL
=700  1\$aMockler-Ferryman, A. F.
=936  1\$aHorward, Donald D.,$edonor$9LOCAL

