=LDR  00723nam a2200193Mi 4500
=008  \\\\\\s1909\\\\xx\\\\\\\\\\\\000\0\\\\\d
=040  \\$aFDA$beng$cFDA
=035  \\$a(FSUSCA)Horward_Row_2_Section_4_589
=245  00$aRelecao das Especies Bibliographicas e Iconographicas /$cAdolpho Loureiro
=264  \1$a[Place of publication not identified] :$bImprensa Nacional,$c1909
=300  \\$avolume
=336  \\$atext$btxt$2rdacontent
=337  \\$aunmediated$bn$2rdamedia
=338  \\$avolume$bnc$2rdacarrier
=500  \\$aTitle on spreadsheet: "Relecao das Especies Bibliographicas e Iconographicas"
=500  \\$aCustom binding.
=590  \\$aHorward Collection$9LOCAL
=700  1\$aLoureiro, Adolpho
=936  1\$aHorward, Donald D.,$edonor$9LOCAL

