=LDR  00929nam a2200181Mi 4500
=008  \\\\\\s2003\\\\xx\\\\\\\\\\\\000\0\\\\\d
=040  \\$aFDA$beng$cFDA
=035  \\$a(FSUSCA)Horward_Row_4_Section_5_2112
=245  00$aReligious Vocations and Secular Connections, The Benedictines of the Congregations of Saint Maur in Upper Normandy During the Ancien Regime and the French Revolution /$cMary Kathryn Conney
=264  \1$a[Place of publication not identified] :$bFlorida State University,$c2003
=300  \\$avolume
=336  \\$atext$btxt$2rdacontent
=337  \\$aunmediated$bn$2rdamedia
=338  \\$avolume$bnc$2rdacarrier
=500  \\$aTitle on spreadsheet: "Religious Vocations and Secular Connections: The Benedictines of the Congregations of Saint Maur in Upper Normandy During the Ancien Regime and the French Revolution"
=590  \\$aHorward Collection$9LOCAL
=700  1\$aConney, Mary Kathryn
=936  1\$aHorward, Donald D.,$edonor$9LOCAL

