=LDR  00614nam a2200181Mi 4500
=008  \\\\\\s1976\\\\xx\\\\\\\\\\\\000\0\\\\\d
=040  \\$aFDA$beng$cFDA
=035  \\$a(FSUSCA)Horward_Row_2_Section_10_1769
=245  00$aReluctant King /$cMichael Ross
=264  \1$a[Place of publication not identified] :$bSidgwick and Jackson,$c1976
=300  \\$avolume
=336  \\$atext$btxt$2rdacontent
=337  \\$aunmediated$bn$2rdamedia
=338  \\$avolume$bnc$2rdacarrier
=500  \\$aTitle on spreadsheet: "The Reluctant King"
=590  \\$aHorward Collection$9LOCAL
=700  1\$aRoss, Michael
=936  1\$aHorward, Donald D.,$edonor$9LOCAL

