=LDR  00679nam a2200181Mi 4500
=008  \\\\\\s1964\\\\xx\\\\\\\\\\\\000\0\\\\\d
=040  \\$aFDA$beng$cFDA
=035  \\$a(FSUSCA)Horward_Row_4_Section_6_2207
=245  00$aReminiscences and Recollections of Captain Gronow /$cJohn Raymond
=264  \1$a[Place of publication not identified] :$bThe Viking Press,$c1964
=300  \\$avolume
=336  \\$atext$btxt$2rdacontent
=337  \\$aunmediated$bn$2rdamedia
=338  \\$avolume$bnc$2rdacarrier
=500  \\$aTitle on spreadsheet: "The Reminiscences and Recollections of Captain Gronow"
=590  \\$aHorward Collection$9LOCAL
=700  1\$aRaymond, John
=936  1\$aHorward, Donald D.,$edonor$9LOCAL

