=LDR  00711nam a2200181Mi 4500
=008  \\\\\\s1947\\\\xx\\\\\\\\\\\\000\0\\\\\d
=040  \\$aFDA$beng$cFDA
=035  \\$a(FSUSCA)Horward_Row_2_Section_4_635
=245  00$aRevelations Concerning Napoleon's Escape From St. Helena /$cPaul Pierre Ebeyer
=264  \1$a[Place of publication not identified] :$bWindmill Publishing Company,$c1947
=300  \\$avolume
=336  \\$atext$btxt$2rdacontent
=337  \\$aunmediated$bn$2rdamedia
=338  \\$avolume$bnc$2rdacarrier
=500  \\$aTitle on spreadsheet: "Revelations Concerning Napoleon's Escape From St. Helena"
=590  \\$aHorward Collection$9LOCAL
=700  1\$aEbeyer, Paul Pierre
=936  1\$aHorward, Donald D.,$edonor$9LOCAL

