=LDR  00634nam a2200181Mi 4500
=008  \\\\\\s1966\\\\xx\\\\\\\\\\\\000\0\\\\\d
=040  \\$aFDA$beng$cFDA
=035  \\$a(FSUSCA)Horward_Row_2_Section_10_1784
=245  00$aRevolution and Papacy /$cE.E.Y. Hales
=264  \1$a[Place of publication not identified] :$bUniversity of Notre Dame Press,$c1966
=300  \\$avolume
=336  \\$atext$btxt$2rdacontent
=337  \\$aunmediated$bn$2rdamedia
=338  \\$avolume$bnc$2rdacarrier
=500  \\$aTitle on spreadsheet: "Revolution and Papacy"
=590  \\$aHorward Collection$9LOCAL
=700  1\$aHales, E.E.Y.
=936  1\$aHorward, Donald D.,$edonor$9LOCAL

