=LDR  00724nam a2200205Mi 4500
=008  \\\\\\s2002\\\\xx\\\\\\\\\\\\000\0\\\\\d
=040  \\$aFDA$beng$cFDA
=035  \\$a(FSUSCA)Horward_Row_2_Section_1_105
=245  00$aRevolutionary Era 1789-1850 /$cBreunig, Charles and Levinger, Matthew
=250  \\$a3rd
=264  \1$a[Place of publication not identified] :$bW.W. Norton and Company,$c2002
=300  \\$avolume
=336  \\$atext$btxt$2rdacontent
=337  \\$aunmediated$bn$2rdamedia
=338  \\$avolume$bnc$2rdacarrier
=500  \\$aTitle on spreadsheet: "The Revolutionary Era 1789-1850"
=590  \\$aHorward Collection$9LOCAL
=700  1\$aBreunig, Charles
=700  1\$aLevinger, Matthew
=936  1\$aHorward, Donald D.,$edonor$9LOCAL

