=LDR  00738nam a2200181Mi 4500
=008  \\\\\\s1975\\\\xx\\\\\\\\\\\\000\0\\\\\d
=040  \\$aFDA$beng$cFDA
=035  \\$a(FSUSCA)Horward_Row_2_Section_12_2027
=245  00$aRichard Marquess Wellesley and the Conduct of Anglo-Spanish Diplomacy /$cJohn Kenneth Severn
=264  \1$a[Place of publication not identified] :$bFlorida State University,$c1975
=300  \\$avolume
=336  \\$atext$btxt$2rdacontent
=337  \\$aunmediated$bn$2rdamedia
=338  \\$avolume$bnc$2rdacarrier
=500  \\$aTitle on spreadsheet: "Richard Marquess Wellesley and the Conduct of Anglo-Spanish Diplomacy"
=590  \\$aHorward Collection$9LOCAL
=700  1\$aSevern, John Kenneth
=936  1\$aHorward, Donald D.,$edonor$9LOCAL

