=LDR  00603nam a2200181Mi 4500
=008  \\\\\\s1901\\\\xx\\\\\\\\\\\\000\0\\\\\d
=040  \\$aFDA$beng$cFDA
=035  \\$a(FSUSCA)Horward_Row_2_Section_8_1344
=245  00$aRifle Brigade /$cWalter Wood
=264  \1$a[Place of publication not identified] :$bGrant Richards,$c1901
=300  \\$avolume
=336  \\$atext$btxt$2rdacontent
=337  \\$aunmediated$bn$2rdamedia
=338  \\$avolume$bnc$2rdacarrier
=500  \\$aTitle on spreadsheet: "The Rifle Brigade"
=590  \\$aHorward Collection$9LOCAL
=700  1\$aWood, Walter
=936  1\$aHorward, Donald D.,$edonor$9LOCAL

