=LDR  00851nam a2200181Mi 4500
=008  \\\\\\s2004\\\\xx\\\\\\\\\\\\000\0\\\\\d
=040  \\$aFDA$beng$cFDA
=035  \\$a(FSUSCA)Horward_Row_4_Section_5_2095
=245  00$aRise and Fall of a Revolution, The Political Career of Louis-Marie Stanislas Freron, Representative on Mission and Conventionnel /$cKaren L. Greene
=264  \1$a[Place of publication not identified] :$bFlorida State University,$c2004
=300  \\$avolume
=336  \\$atext$btxt$2rdacontent
=337  \\$aunmediated$bn$2rdamedia
=338  \\$avolume$bnc$2rdacarrier
=500  \\$aTitle on spreadsheet: "The Rise and Fall of a Revolution: The Political Career of Louis-Marie Stanislas Freron, Representative on Mission and Conventionnel"
=590  \\$aHorward Collection$9LOCAL
=700  1\$aGreene, Karen L.
=936  1\$aHorward, Donald D.,$edonor$9LOCAL

