=LDR  00656nam a2200181Mi 4500
=008  \\\\\\s1954\\\\xx\\\\\\\\\\\\000\0\\\\\d
=040  \\$aFDA$beng$cFDA
=035  \\$a(FSUSCA)Horward_Row_2_Section_1_62
=245  00$aRise of French Liberal Thoughts /$cMartin, Kingsley
=264  \1$a[Place of publication not identified] :$bNew York Univerity Press,$c1954
=300  \\$avolume
=336  \\$atext$btxt$2rdacontent
=337  \\$aunmediated$bn$2rdamedia
=338  \\$avolume$bnc$2rdacarrier
=500  \\$aTitle on spreadsheet: "The Rise of French Liberal Thoughts"
=590  \\$aHorward Collection$9LOCAL
=700  1\$aMartin, Kingsley
=936  1\$aHorward, Donald D.,$edonor$9LOCAL

