=LDR  00643nam a2200181Mi 4500
=008  \\\\\\s1952\\\\xx\\\\\\\\\\\\000\0\\\\\d
=040  \\$aFDA$beng$cFDA
=035  \\$a(FSUSCA)Horward_Row_2_Section_7_1228
=245  00$aRise of General Bonaparte /$cSpencer Wilkinson
=264  \1$a[Place of publication not identified] :$bEnglish Book Depot,$c1952
=300  \\$avolume
=336  \\$atext$btxt$2rdacontent
=337  \\$aunmediated$bn$2rdamedia
=338  \\$avolume$bnc$2rdacarrier
=500  \\$aTitle on spreadsheet: "The Rise of General Bonaparte"
=590  \\$aHorward Collection$9LOCAL
=700  1\$aWilkinson, Spencer
=936  1\$aHorward, Donald D.,$edonor$9LOCAL

