=LDR  00604nam a2200181Mi 4500
=008  \\\\\\s1956\\\\xx\\\\\\\\\\\\000\0\\\\\d
=040  \\$aFDA$beng$cFDA
=035  \\$a(FSUSCA)Horward_Row_2_Section_7_1235
=245  00$aRobespierre /$cJean Massin
=264  \1$a[Place of publication not identified] :$bClub franais du livre,$c1956
=300  \\$avolume
=336  \\$atext$btxt$2rdacontent
=337  \\$aunmediated$bn$2rdamedia
=338  \\$avolume$bnc$2rdacarrier
=500  \\$aTitle on spreadsheet: "Robespierre"
=590  \\$aHorward Collection$9LOCAL
=700  1\$aMassin, Jean
=936  1\$aHorward, Donald D.,$edonor$9LOCAL

