=LDR  00716nam a2200205Mi 4500
=008  \\\\\\s1947\\\\xx\\\\\\\\\\\\000\0\\\\\d
=040  \\$aFDA$beng$cFDA
=035  \\$a(FSUSCA)Horward_Row_4_Section_7_2409
=245  00$aRobespierre L'Incorruptible /$cAlbert Croquez et Georges Loublie
=264  \1$a[Place of publication not identified] :$bRene Julliard,$c1947
=300  \\$avolume
=336  \\$atext$btxt$2rdacontent
=337  \\$aunmediated$bn$2rdamedia
=338  \\$avolume$bnc$2rdacarrier
=500  \\$aTitle on spreadsheet: "Robespierre L'Incorruptible"
=500  \\$aCustom binding.
=590  \\$aHorward Collection$9LOCAL
=700  1\$aCroquez, Albert
=700  1\$aLoublie, Georges
=936  1\$aHorward, Donald D.,$edonor$9LOCAL

