=LDR  00664nam a2200181Mi 4500
=008  \\\\\\s1972\\\\xx\\\\\\\\\\\\000\0\\\\\d
=040  \\$aFDA$beng$cFDA
=035  \\$a(FSUSCA)Horward_Row_2_Section_9_1543
=245  00$aRobespierre the force of circumstance /$cJohn Lawrence Carr
=264  \1$a[Place of publication not identified] :$bHistory Book Club,$c1972
=300  \\$avolume
=336  \\$atext$btxt$2rdacontent
=337  \\$aunmediated$bn$2rdamedia
=338  \\$avolume$bnc$2rdacarrier
=500  \\$aTitle on spreadsheet: "Robespierre the force of circumstance"
=590  \\$aHorward Collection$9LOCAL
=700  1\$aCarr, John Lawrence
=936  1\$aHorward, Donald D.,$edonor$9LOCAL

