=LDR  00662nam a2200181Mi 4500
=008  \\\\\\s1938\\\\xx\\\\\\\\\\\\000\0\\\\\d
=040  \\$aFDA$beng$cFDA
=035  \\$a(FSUSCA)Horward_Row_2_Section_10_1742
=245  00$aRobespierre The Incorruptible /$cFriedrich Sieburg
=264  \1$a[Place of publication not identified] :$bRobert M. McBride Publishing Co.,$c1938
=300  \\$avolume
=336  \\$atext$btxt$2rdacontent
=337  \\$aunmediated$bn$2rdamedia
=338  \\$avolume$bnc$2rdacarrier
=500  \\$aTitle on spreadsheet: "Robespierre The Incorruptible"
=590  \\$aHorward Collection$9LOCAL
=700  1\$aSieburg, Friedrich
=936  1\$aHorward, Donald D.,$edonor$9LOCAL

