=LDR  00678nam a2200181Mi 4500
=008  \\\\\\s1969\\\\xx\\\\\\\\\\\\000\0\\\\\d
=040  \\$aFDA$beng$cFDA
=035  \\$a(FSUSCA)Horward_Row_4_Section_5_2130
=245  00$aRole of Sir Rowland Hill in the Peninsular War /$cTeffeteller
=264  \1$a[Place of publication not identified] :$bFlorida State University,$c1969
=300  \\$avolume
=336  \\$atext$btxt$2rdacontent
=337  \\$aunmediated$bn$2rdamedia
=338  \\$avolume$bnc$2rdacarrier
=500  \\$aTitle on spreadsheet: "The Role of Sir Rowland Hill in the Peninsular War"
=590  \\$aHorward Collection$9LOCAL
=700  1\$aTeffeteller
=936  1\$aHorward, Donald D.,$edonor$9LOCAL

