=LDR  00608nam a2200181Mi 4500
=008  \\\\\\s1810\\\\xx\\\\\\\\\\\\000\0\\\\\d
=040  \\$aFDA$beng$cFDA
=035  \\$a(FSUSCA)Horward_Row_2_Section_2_208
=245  00$aRoscoe's Tracts on War /$cEarl Grey
=264  \1$a[Place of publication not identified] :$bJ. M'Creery,$c1810
=300  \\$avolume
=336  \\$atext$btxt$2rdacontent
=337  \\$aunmediated$bn$2rdamedia
=338  \\$avolume$bnc$2rdacarrier
=500  \\$aTitle on spreadsheet: "Roscoe's Tracts on War"
=590  \\$aHorward Collection$9LOCAL
=700  1\$aEarl Grey
=936  1\$aHorward, Donald D.,$edonor$9LOCAL

