=LDR  00707nam a2200205Mi 4500
=008  \\\\\\s1943\\\\xx\\\\\\\\\\\\000\0\\\\\d
=040  \\$aFDA$beng$cFDA
=035  \\$a(FSUSCA)Horward_Row_4_Section_7_2401
=245  00$aRouget de Lisle Inconnu /$cMaurice de la Fuye et Emilie Gueret
=264  \1$a[Place of publication not identified] :$bHachette,$c1943
=300  \\$avolume
=336  \\$atext$btxt$2rdacontent
=337  \\$aunmediated$bn$2rdamedia
=338  \\$avolume$bnc$2rdacarrier
=500  \\$aTitle on spreadsheet: "Rouget de Lisle Inconnu"
=500  \\$aCustom binding.
=590  \\$aHorward Collection$9LOCAL
=700  1\$ade la Fuye, Maurice
=700  1\$aGueret, Emilie
=936  1\$aHorward, Donald D.,$edonor$9LOCAL

