=LDR  00640nam a2200181Mi 4500
=008  \\\\\\s1972\\\\xx\\\\\\\\\\\\000\0\\\\\d
=040  \\$aFDA$beng$cFDA
=035  \\$a(FSUSCA)Horward_Row_4_Section_8_2616
=245  00$aRoyal Army Medical Corps /$cRedmond McLaughlin
=264  \1$a[Place of publication not identified] :$bLeo Cooper Ltd.,$c1972
=300  \\$avolume
=336  \\$atext$btxt$2rdacontent
=337  \\$aunmediated$bn$2rdamedia
=338  \\$avolume$bnc$2rdacarrier
=500  \\$aTitle on spreadsheet: "The Royal Army Medical Corps"
=590  \\$aHorward Collection$9LOCAL
=700  1\$aMcLaughlin, Redmond
=936  1\$aHorward, Donald D.,$edonor$9LOCAL

