=LDR  00618nam a2200181Mi 4500
=008  \\\\\\s1967\\\\xx\\\\\\\\\\\\000\0\\\\\d
=040  \\$aFDA$beng$cFDA
=035  \\$a(FSUSCA)Horward_Row_4_Section_8_2625
=245  00$aRoyal Norfolk Regiment /$cTim Carew
=264  \1$a[Place of publication not identified] :$bHamish Hamilton,$c1967
=300  \\$avolume
=336  \\$atext$btxt$2rdacontent
=337  \\$aunmediated$bn$2rdamedia
=338  \\$avolume$bnc$2rdacarrier
=500  \\$aTitle on spreadsheet: "The Royal Norfolk Regiment"
=590  \\$aHorward Collection$9LOCAL
=700  1\$aCarew, Tim
=936  1\$aHorward, Donald D.,$edonor$9LOCAL

