=LDR  00622nam a2200181Mi 4500
=008  \\\\\\s1971\\\\xx\\\\\\\\\\\\000\0\\\\\d
=040  \\$aFDA$beng$cFDA
=035  \\$a(FSUSCA)Horward_Row_4_Section_8_2595
=245  00$aRoyal Scots Grey /$cMichael Blacklock
=264  \1$a[Place of publication not identified] :$bLeo Cooper Ltd.,$c1971
=300  \\$avolume
=336  \\$atext$btxt$2rdacontent
=337  \\$aunmediated$bn$2rdamedia
=338  \\$avolume$bnc$2rdacarrier
=500  \\$aTitle on spreadsheet: "The Royal Scots Grey"
=590  \\$aHorward Collection$9LOCAL
=700  1\$aBlacklock, Michael
=936  1\$aHorward, Donald D.,$edonor$9LOCAL

