=LDR  00624nam a2200181Mi 4500
=008  \\\\\\s2010\\\\xx\\\\\\\\\\\\000\0\\\\\d
=040  \\$aFDA$beng$cFDA
=035  \\$a(FSUSCA)Horward_Row_4_Section_7_2495
=245  00$aRussia Against Napoleon /$cDominic Lieven
=264  \1$a[Place of publication not identified] :$bPenguin Books,$c2010
=300  \\$avolume
=336  \\$atext$btxt$2rdacontent
=337  \\$aunmediated$bn$2rdamedia
=338  \\$avolume$bnc$2rdacarrier
=500  \\$aTitle on spreadsheet: "Russia Against Napoleon"
=590  \\$aHorward Collection$9LOCAL
=700  1\$aLieven, Dominic
=936  1\$aHorward, Donald D.,$edonor$9LOCAL

