=LDR  00641nam a2200181Mi 4500
=008  \\\\\\s1970\\\\xx\\\\\\\\\\\\000\0\\\\\d
=040  \\$aFDA$beng$cFDA
=035  \\$a(FSUSCA)Horward_Row_2_Section_7_1214
=245  00$aRussian Campaign, 1812 /$cM. de Fezansac
=264  \1$a[Place of publication not identified] :$bUniversity of Georgia Press,$c1970
=300  \\$avolume
=336  \\$atext$btxt$2rdacontent
=337  \\$aunmediated$bn$2rdamedia
=338  \\$avolume$bnc$2rdacarrier
=500  \\$aTitle on spreadsheet: "The Russian Campaign, 1812 "
=590  \\$aHorward Collection$9LOCAL
=700  1\$ade Fezansac, M.
=936  1\$aHorward, Donald D.,$edonor$9LOCAL

