=LDR  00741nam a2200181Mi 4500
=008  \\\\\\s2005\\\\xx\\\\\\\\\\\\000\0\\\\\d
=040  \\$aFDA$beng$cFDA
=035  \\$a(FSUSCA)Horward_Row_4_Section_6_2320
=245  00$aRussian Officer Corps in the Revolutionary and Napoleonic Wars, 1792-1815 /$cAlexander Mikaberidze
=264  \1$a[Place of publication not identified] :$bSavis Beatie,$c2005
=300  \\$avolume
=336  \\$atext$btxt$2rdacontent
=337  \\$aunmediated$bn$2rdamedia
=338  \\$avolume$bnc$2rdacarrier
=500  \\$aTitle on spreadsheet: "The Russian Officer Corps in the Revolutionary and Napoleonic Wars, 1792-1815"
=590  \\$aHorward Collection$9LOCAL
=700  1\$aMikaberidze, Alexander
=936  1\$aHorward, Donald D.,$edonor$9LOCAL

