=LDR  00733nam a2200205Mi 4500
=008  \\\\\\s1894\\\\xx\\\\\\\\\\\\000\0\\\\\d
=040  \\$aFDA$beng$cFDA
=035  \\$a(FSUSCA)Horward_Row_2_Section_3_489
=245  00$aSaggio di una Bibliografia Ragionata (A-B) /$cAlberto Lumbroso
=264  \1$a[Place of publication not identified] :$bModena,$c1894
=300  \\$avolume
=336  \\$atext$btxt$2rdacontent
=337  \\$aunmediated$bn$2rdamedia
=338  \\$avolume$bnc$2rdacarrier
=500  \\$aTitle on spreadsheet: "Saggio di una Bibliografia Ragionata (A-B)"
=500  \\$aCustom binding.
=500  \\$aNote in cover and page 29.
=590  \\$aHorward Collection$9LOCAL
=700  1\$aLumbroso, Alberto
=936  1\$aHorward, Donald D.,$edonor$9LOCAL

