=LDR  00702nam a2200193Mi 4500
=008  \\\\\\s1933\\\\xx\\\\\\\\\\\\000\0\\\\\d
=040  \\$aFDA$beng$cFDA
=035  \\$a(FSUSCA)Horward_Row_4_Section_8_2635
=245  00$aSainte-Helene au Temps de Napoleon and Aujourd'Hui /$cD'Hauterive
=264  \1$a[Place of publication not identified] :$bCalmann-Levy,$c1933
=300  \\$avolume
=336  \\$atext$btxt$2rdacontent
=337  \\$aunmediated$bn$2rdamedia
=338  \\$avolume$bnc$2rdacarrier
=500  \\$aTitle on spreadsheet: "Sainte-Helene au Temps de Napoleon and Aujourd'Hui"
=500  \\$aCustom binding.
=590  \\$aHorward Collection$9LOCAL
=700  1\$aD'Hauterive
=936  1\$aHorward, Donald D.,$edonor$9LOCAL

