=LDR  00644nam a2200193Mi 4500
=008  \\\\\\s1938\\\\xx\\\\\\\\\\\\000\0\\\\\d
=040  \\$aFDA$beng$cFDA
=035  \\$a(FSUSCA)Horward_Row_4_Section_8_2588
=245  00$aSainte-Helene avant Napoleon /$cBouvier
=264  \1$a[Place of publication not identified] :$bSorlot,$c1938
=300  \\$avolume
=336  \\$atext$btxt$2rdacontent
=337  \\$aunmediated$bn$2rdamedia
=338  \\$avolume$bnc$2rdacarrier
=500  \\$aTitle on spreadsheet: "Sainte-Helene avant Napoleon"
=500  \\$aCustom binding.
=590  \\$aHorward Collection$9LOCAL
=700  1\$aBouvier
=936  1\$aHorward, Donald D.,$edonor$9LOCAL

