=LDR  00623nam a2200181Mi 4500
=008  \\\\\\s1971\\\\xx\\\\\\\\\\\\000\0\\\\\d
=040  \\$aFDA$beng$cFDA
=035  \\$a(FSUSCA)Horward_Row_2_Section_11_1818
=245  00$aSainte Helene Terre D'Exil /$cMarcel Dunan
=264  \1$a[Place of publication not identified] :$bHachette,$c1971
=300  \\$avolume
=336  \\$atext$btxt$2rdacontent
=337  \\$aunmediated$bn$2rdamedia
=338  \\$avolume$bnc$2rdacarrier
=500  \\$aTitle on spreadsheet: "Sainte Helene Terre D'Exil "
=590  \\$aHorward Collection$9LOCAL
=700  1\$aDunan, Marcel
=936  1\$aHorward, Donald D.,$edonor$9LOCAL

