=LDR  00604nam a2200181Mi 4500
=008  \\\\\\s2001\\\\xx\\\\\\\\\\\\000\0\\\\\d
=040  \\$aFDA$beng$cFDA
=035  \\$a(FSUSCA)Horward_Row_2_Section_8_1383
=245  00$aSalamanca 1812 /$cRory Miur
=264  \1$a[Place of publication not identified] :$bYale University Press,$c2001
=300  \\$avolume
=336  \\$atext$btxt$2rdacontent
=337  \\$aunmediated$bn$2rdamedia
=338  \\$avolume$bnc$2rdacarrier
=500  \\$aTitle on spreadsheet: "Salamanca 1812"
=590  \\$aHorward Collection$9LOCAL
=700  1\$aMiur, Rory
=936  1\$aHorward, Donald D.,$edonor$9LOCAL

