=LDR  00608nam a2200181Mi 4500
=008  \\\\\\s1921\\\\xx\\\\\\\\\\\\000\0\\\\\d
=040  \\$aFDA$beng$cFDA
=035  \\$a(FSUSCA)Horward_Row_2_Section_1_137
=245  00$aScaramouche /$cSabatini, Rafael
=264  \1$a[Place of publication not identified] :$bGrosset and Dunlap,$c1921
=300  \\$avolume
=336  \\$atext$btxt$2rdacontent
=337  \\$aunmediated$bn$2rdamedia
=338  \\$avolume$bnc$2rdacarrier
=500  \\$aTitle on spreadsheet: "Scaramouche "
=590  \\$aHorward Collection$9LOCAL
=700  1\$aSabatini, Rafael
=936  1\$aHorward, Donald D.,$edonor$9LOCAL

