=LDR  00697nam a2200193Mi 4500
=008  \\\\\\s1934\\\\xx\\\\\\\\\\\\000\0\\\\\d
=040  \\$aFDA$beng$cFDA
=035  \\$a(FSUSCA)Horward_Row_4_Section_8_2612
=245  00$aScenes et Tableaux du regne de Louis XVI /$cHenry D'Yvignac
=264  \1$a[Place of publication not identified] :$bGautier Languereau,$c1934
=300  \\$avolume
=336  \\$atext$btxt$2rdacontent
=337  \\$aunmediated$bn$2rdamedia
=338  \\$avolume$bnc$2rdacarrier
=500  \\$aTitle on spreadsheet: "Scenes et Tableaux du regne de Louis XVI"
=500  \\$aCustom binding.
=590  \\$aHorward Collection$9LOCAL
=700  1\$aD'Yvignac, Henry
=936  1\$aHorward, Donald D.,$edonor$9LOCAL

