=LDR  00677nam a2200193Mi 4500
=008  \\\\\\s1996\\\\xx\\\\\\\\\\\\000\0\\\\\d
=040  \\$aFDA$beng$cFDA
=035  \\$a(FSUSCA)Horward_Row_2_Section_10_1722
=245  00$aScience Progress$nVol. 79 pt. 2 /$cPhillp. F. Corso
=264  \1$a[Place of publication not identified] :$bScience Reviews,$c1996
=300  \\$avolume
=336  \\$atext$btxt$2rdacontent
=337  \\$aunmediated$bn$2rdamedia
=338  \\$avolume$bnc$2rdacarrier
=500  \\$aTitle on spreadsheet: "Science Progress, Vol. 79 pt. 2, 1996"
=500  \\$aSigned.
=590  \\$aHorward Collection$9LOCAL
=700  1\$aCorso, Phillp. F.
=936  1\$aHorward, Donald D.,$edonor$9LOCAL

