=LDR  00704nam a2200181Mi 4500
=008  \\\\\\s1968\\\\xx\\\\\\\\\\\\000\0\\\\\d
=040  \\$aFDA$beng$cFDA
=035  \\$a(FSUSCA)Horward_Row_4_Section_6_2148
=245  00$aScientific Soldier, A Life of General le Merchant 1766-1812 /$cR.H. Thoumine
=264  \1$a[Place of publication not identified] :$bOxford University Press,$c1968
=300  \\$avolume
=336  \\$atext$btxt$2rdacontent
=337  \\$aunmediated$bn$2rdamedia
=338  \\$avolume$bnc$2rdacarrier
=500  \\$aTitle on spreadsheet: "Scientific Soldier: A Life of General le Merchant 1766-1812"
=590  \\$aHorward Collection$9LOCAL
=700  1\$aThoumine, R.H.
=936  1\$aHorward, Donald D.,$edonor$9LOCAL

