=LDR  00704nam a2200193Mi 4500
=008  \\\\\\s1972\\\\xx\\\\\\\\\\\\000\0\\\\\d
=040  \\$aFDA$beng$cFDA
=035  \\$a(FSUSCA)Horward_Row_2_Section_10_1740
=245  00$aScourge of the Eagle /$cLouis de Villefosse and Janine Bouissounouse
=264  \1$a[Place of publication not identified] :$bSidgwick and Jackson,$c1972
=300  \\$avolume
=336  \\$atext$btxt$2rdacontent
=337  \\$aunmediated$bn$2rdamedia
=338  \\$avolume$bnc$2rdacarrier
=500  \\$aTitle on spreadsheet: "The Scourge of the Eagle "
=590  \\$aHorward Collection$9LOCAL
=700  1\$aVillefosse, Louis de
=700  1\$aBouissounouse, Janine
=936  1\$aHorward, Donald D.,$edonor$9LOCAL

