=LDR  00722nam a2200181Mi 4500
=008  \\\\\\s1922\\\\xx\\\\\\\\\\\\000\0\\\\\d
=040  \\$aFDA$beng$cFDA
=035  \\$a(FSUSCA)Horward_Row_4_Section_6_2314
=245  00$aSecond Empire, Bonapartism, the Prince, The President, the Emperor /$cPhilip Guedalla
=264  \1$a[Place of publication not identified] :$bG. P. Putnam's Sons,$c1922
=300  \\$avolume
=336  \\$atext$btxt$2rdacontent
=337  \\$aunmediated$bn$2rdamedia
=338  \\$avolume$bnc$2rdacarrier
=500  \\$aTitle on spreadsheet: "The Second Empire: Bonapartism, the Prince, The President, the Emperor"
=590  \\$aHorward Collection$9LOCAL
=700  1\$aGuedalla, Philip
=936  1\$aHorward, Donald D.,$edonor$9LOCAL

