=LDR  00659nam a2200181Mi 4500
=008  \\\\\\s1936\\\\xx\\\\\\\\\\\\000\0\\\\\d
=040  \\$aFDA$beng$cFDA
=035  \\$a(FSUSCA)Horward_Row_2_Section_6_1023
=245  00$aSecrets et Malheurs La Reine Hortense /$cPierre de Lacretelle
=264  \1$a[Place of publication not identified] :$bHachette,$c1936
=300  \\$avolume
=336  \\$atext$btxt$2rdacontent
=337  \\$aunmediated$bn$2rdamedia
=338  \\$avolume$bnc$2rdacarrier
=500  \\$aTitle on spreadsheet: "Secrets et Malheurs La Reine Hortense"
=590  \\$aHorward Collection$9LOCAL
=700  1\$ade Lacretelle, Pierre
=936  1\$aHorward, Donald D.,$edonor$9LOCAL

