=LDR  00711nam a2200181Mi 4500
=008  \\\\\\s1969\\\\xx\\\\\\\\\\\\000\0\\\\\d
=040  \\$aFDA$beng$cFDA
=035  \\$a(FSUSCA)Horward_Row_4_Section_7_2464
=245  00$aSegundo Centenario do Nascimento do Duque de Wellington /$cInstituto Britanico em Portugal
=264  \1$a[Place of publication not identified] :$bN/A,$c1969
=300  \\$avolume
=336  \\$atext$btxt$2rdacontent
=337  \\$aunmediated$bn$2rdamedia
=338  \\$avolume$bnc$2rdacarrier
=500  \\$aTitle on spreadsheet: "Segundo Centenario do Nascimento do Duque de Wellington"
=590  \\$aHorward Collection$9LOCAL
=710  2\$aInstituto Britanico em Portugal
=936  1\$aHorward, Donald D.,$edonor$9LOCAL

