=LDR  00774nam a2200193Mi 4500
=008  \\\\\\s1974\\\\xx\\\\\\\\\\\\000\0\\\\\d
=040  \\$aFDA$beng$cFDA
=035  \\$a(FSUSCA)Horward_Row_2_Section_11_2008
=245  00$aSelected Bibliography on Modern French History, 1600 to the Present /$cJohn Bowditch and Raymond Grew
=264  \1$a[Place of publication not identified] :$bXerox University Microfilms,$c1974
=300  \\$avolume
=336  \\$atext$btxt$2rdacontent
=337  \\$aunmediated$bn$2rdamedia
=338  \\$avolume$bnc$2rdacarrier
=500  \\$aTitle on spreadsheet: "A Selected Bibliography on Modern French History: 1600 to the Present"
=590  \\$aHorward Collection$9LOCAL
=700  1\$aBowditch, John
=700  1\$aGrew, Raymond
=936  1\$aHorward, Donald D.,$edonor$9LOCAL

