=LDR  00741nam a2200181Mi 4500
=008  \\\\\\s2006\\\\xx\\\\\\\\\\\\000\0\\\\\d
=040  \\$aFDA$beng$cFDA
=035  \\$a(FSUSCA)Horward_Row_4_Section_5_2088
=245  00$aService of Antoine-Henri Baron de Jomini in 1812-13, A New Retrospective View /$cEman M. Vovsi
=264  \1$a[Place of publication not identified] :$bFlorida State University,$c2006
=300  \\$avolume
=336  \\$atext$btxt$2rdacontent
=337  \\$aunmediated$bn$2rdamedia
=338  \\$avolume$bnc$2rdacarrier
=500  \\$aTitle on spreadsheet: "Service of Antoine-Henri Baron de Jomini in 1812-13: A New Retrospective View"
=590  \\$aHorward Collection$9LOCAL
=700  1\$aVovsi, Eman M.
=936  1\$aHorward, Donald D.,$edonor$9LOCAL

