=LDR  00700nam a2200181Mi 4500
=008  \\\\\\s1965\\\\xx\\\\\\\\\\\\000\0\\\\\d
=040  \\$aFDA$beng$cFDA
=035  \\$a(FSUSCA)Horward_Row_2_Section_12_2041
=245  00$aServices and Influence of the Marquis de la Romana /$cJudith Ann Loucks
=264  \1$a[Place of publication not identified] :$bFlorida State University,$c1965
=300  \\$avolume
=336  \\$atext$btxt$2rdacontent
=337  \\$aunmediated$bn$2rdamedia
=338  \\$avolume$bnc$2rdacarrier
=500  \\$aTitle on spreadsheet: "The Services and Influence of the Marquis de la Romana"
=590  \\$aHorward Collection$9LOCAL
=700  1\$aLoucks, Judith Ann
=936  1\$aHorward, Donald D.,$edonor$9LOCAL

