=LDR  00659nam a2200181Mi 4500
=008  \\\\\\s1961\\\\xx\\\\\\\\\\\\000\0\\\\\d
=040  \\$aFDA$beng$cFDA
=035  \\$a(FSUSCA)Horward_Row_2_Section_10_1681
=245  00$aServitude et Grandeur Militaires /$cAlfred de Vigny
=264  \1$a[Place of publication not identified] :$bClassiques Pour Notre Temps,$c1961
=300  \\$avolume
=336  \\$atext$btxt$2rdacontent
=337  \\$aunmediated$bn$2rdamedia
=338  \\$avolume$bnc$2rdacarrier
=500  \\$aTitle on spreadsheet: "Servitude et Grandeur Militaires"
=590  \\$aHorward Collection$9LOCAL
=700  1\$ade Vigny, Alfred
=936  1\$aHorward, Donald D.,$edonor$9LOCAL

