=LDR  00712nam a2200193Mi 4500
=008  \\\\\\s2002\\\\xx\\\\\\\\\\\\000\0\\\\\d
=040  \\$aFDA$beng$cFDA
=035  \\$a(FSUSCA)Horward_Row_2_Section_2_203
=245  00$aShort History of the French revolution /$cJeremy D. Popkin
=250  \\$aThird edition
=264  \1$a[Place of publication not identified] :$bUniversity of Kentucky,$c2002
=300  \\$avolume
=336  \\$atext$btxt$2rdacontent
=337  \\$aunmediated$bn$2rdamedia
=338  \\$avolume$bnc$2rdacarrier
=500  \\$aTitle on spreadsheet: "A Short History of the French revolution third edition"
=590  \\$aHorward Collection$9LOCAL
=700  1\$aPopkin, Jeremy D.
=936  1\$aHorward, Donald D.,$edonor$9LOCAL

