=LDR  00681nam a2200193Mi 4500
=008  \\\\\\s1998\\\\xx\\\\\\\\\\\\000\0\\\\\d
=040  \\$aFDA$beng$cFDA
=035  \\$a(FSUSCA)Horward_Row_2_Section_10_1732
=245  00$aShort History of the French Revolution /$cJeremy D. Lopkin
=250  \\$a2nd
=264  \1$a[Place of publication not identified] :$bPrentice Hall,$c1998
=300  \\$avolume
=336  \\$atext$btxt$2rdacontent
=337  \\$aunmediated$bn$2rdamedia
=338  \\$avolume$bnc$2rdacarrier
=500  \\$aTitle on spreadsheet: "A Short History of the French Revolution"
=590  \\$aHorward Collection$9LOCAL
=700  1\$aLopkin, Jeremy D.
=936  1\$aHorward, Donald D.,$edonor$9LOCAL

