=LDR  00788nam a2200181Mi 4500
=008  \\\\\\s1998\\\\xx\\\\\\\\\\\\000\0\\\\\d
=040  \\$aFDA$beng$cFDA
=035  \\$a(FSUSCA)Horward_Row_4_Section_5_2068
=245  00$aSiege of Cadiz, 1810-1812, A Study in Joint and Combined Operations During the Peninsular War /$cJames P. Herson Jr
=264  \1$a[Place of publication not identified] :$bFlorida State University,$c1998
=300  \\$avolume
=336  \\$atext$btxt$2rdacontent
=337  \\$aunmediated$bn$2rdamedia
=338  \\$avolume$bnc$2rdacarrier
=500  \\$aTitle on spreadsheet: "The Siege of Cadiz, 1810-1812: A Study in Joint and Combined Operations During the Peninsular War"
=590  \\$aHorward Collection$9LOCAL
=700  1\$aHenson, James P. Jr.
=936  1\$aHorward, Donald D.,$edonor$9LOCAL

