=LDR  00645nam a2200193Mi 4500
=008  \\\\\\s1901\\\\xx\\\\\\\\\\\\000\0\\\\\d
=040  \\$aFDA$beng$cFDA
=035  \\$a(FSUSCA)Horward_Row_2_Section_6_980
=245  00$aSieyes (1748-1836) /$cAlbernic Neton
=264  \1$a[Place of publication not identified] :$bPerrin et Cie,$c1901
=300  \\$avolume
=336  \\$atext$btxt$2rdacontent
=337  \\$aunmediated$bn$2rdamedia
=338  \\$avolume$bnc$2rdacarrier
=500  \\$aTitle on spreadsheet: "Sieyes (1748-1836)"
=500  \\$aCustom binding.
=590  \\$aHorward Collection$9LOCAL
=700  1\$aNeton, Albernic
=936  1\$aHorward, Donald D.,$edonor$9LOCAL

