=LDR  00609nam a2200181Mi 4500
=008  \\\\\\s1953\\\\xx\\\\\\\\\\\\000\0\\\\\d
=040  \\$aFDA$beng$cFDA
=035  \\$a(FSUSCA)Horward_Row_2_Section_11_1902
=245  00$aSir John Moore /$cCarola Oman
=264  \1$a[Place of publication not identified] :$bHodder and Stoughton,$c1953
=300  \\$avolume
=336  \\$atext$btxt$2rdacontent
=337  \\$aunmediated$bn$2rdamedia
=338  \\$avolume$bnc$2rdacarrier
=500  \\$aTitle on spreadsheet: "Sir John Moore "
=590  \\$aHorward Collection$9LOCAL
=700  1\$aOman, Carola
=936  1\$aHorward, Donald D.,$edonor$9LOCAL

