=LDR  00676nam a2200181Mi 4500
=008  \\\\\\s1969\\\\xx\\\\\\\\\\\\000\0\\\\\d
=040  \\$aFDA$beng$cFDA
=035  \\$a(FSUSCA)Horward_Row_2_Section_10_1674
=245  00$aSir William Hamilton - Envoy Extraordinary /$cBrian Forthergill
=264  \1$a[Place of publication not identified] :$bHelen and Kurt Wolff,$c1969
=300  \\$avolume
=336  \\$atext$btxt$2rdacontent
=337  \\$aunmediated$bn$2rdamedia
=338  \\$avolume$bnc$2rdacarrier
=500  \\$aTitle on spreadsheet: "Sir William Hamilton - Envoy Extraordinary"
=590  \\$aHorward Collection$9LOCAL
=700  1\$aForthergill, Brian
=936  1\$aHorward, Donald D.,$edonor$9LOCAL

