=LDR  00635nam a2200181Mi 4500
=008  \\\\\\s1966\\\\xx\\\\\\\\\\\\000\0\\\\\d
=040  \\$aFDA$beng$cFDA
=035  \\$a(FSUSCA)Horward_Row_4_Section_7_2514
=245  00$aSix Summers in Paris, 1789-1794 /$cJohn Fisher
=264  \1$a[Place of publication not identified] :$bHarper and Row,$c1966
=300  \\$avolume
=336  \\$atext$btxt$2rdacontent
=337  \\$aunmediated$bn$2rdamedia
=338  \\$avolume$bnc$2rdacarrier
=500  \\$aTitle on spreadsheet: "Six Summers in Paris: 1789-1794"
=590  \\$aHorward Collection$9LOCAL
=700  1\$aFisher, John
=936  1\$aHorward, Donald D.,$edonor$9LOCAL

