=LDR  00606nam a2200181Mi 4500
=008  \\\\\\s1984\\\\xx\\\\\\\\\\\\000\0\\\\\d
=040  \\$aFDA$beng$cFDA
=035  \\$a(FSUSCA)Horward_Row_2_Section_11_1904
=245  00$aSlunce and Slavkovem /$cDusan Uhlir
=264  \1$a[Place of publication not identified] :$bPraha,$c1984
=300  \\$avolume
=336  \\$atext$btxt$2rdacontent
=337  \\$aunmediated$bn$2rdamedia
=338  \\$avolume$bnc$2rdacarrier
=500  \\$aTitle on spreadsheet: "Slunce and Slavkovem "
=590  \\$aHorward Collection$9LOCAL
=700  1\$aUhlir, Dusan
=936  1\$aHorward, Donald D.,$edonor$9LOCAL

