=LDR  00610nam a2200181Mi 4500
=008  \\\\\\s1937\\\\xx\\\\\\\\\\\\000\0\\\\\d
=040  \\$aFDA$beng$cFDA
=035  \\$a(FSUSCA)Horward_Row_4_Section_7_2516
=245  00$aSo Great a Man /$cDavid Pilgrim
=264  \1$a[Place of publication not identified] :$bHarper and Brothers,$c1937
=300  \\$avolume
=336  \\$atext$btxt$2rdacontent
=337  \\$aunmediated$bn$2rdamedia
=338  \\$avolume$bnc$2rdacarrier
=500  \\$aTitle on spreadsheet: "So Great a Man"
=590  \\$aHorward Collection$9LOCAL
=700  1\$aPilgrim, David
=936  1\$aHorward, Donald D.,$edonor$9LOCAL

