=LDR  00644nam a2200193Mi 4500
=008  \\\\\\s1915\\\\xx\\\\\\\\\\\\000\0\\\\\d
=040  \\$aFDA$beng$cFDA
=035  \\$a(FSUSCA)Horward_Row_2_Section_4_585
=245  00$aSoldados de Portugal /$cAndre Brun
=264  \1$a[Place of publication not identified] :$bGuimaraes and C.,$c1915
=300  \\$avolume
=336  \\$atext$btxt$2rdacontent
=337  \\$aunmediated$bn$2rdamedia
=338  \\$avolume$bnc$2rdacarrier
=500  \\$aTitle on spreadsheet: "Soldados de Portugal"
=500  \\$aCustom binding.
=590  \\$aHorward Collection$9LOCAL
=700  1\$aBrun, Andre
=936  1\$aHorward, Donald D.,$edonor$9LOCAL

