=LDR  00628nam a2200181Mi 4500
=008  \\\\\\s1973\\\\xx\\\\\\\\\\\\000\0\\\\\d
=040  \\$aFDA$beng$cFDA
=035  \\$a(FSUSCA)Horward_Row_2_Section_8_1279
=245  00$aSoldier's Life 1806-1815 /$cJohn Green
=264  \1$a[Place of publication not identified] :$bEP Publishing Limited,$c1973
=300  \\$avolume
=336  \\$atext$btxt$2rdacontent
=337  \\$aunmediated$bn$2rdamedia
=338  \\$avolume$bnc$2rdacarrier
=500  \\$aTitle on spreadsheet: "A Soldier's Life 1806-1815"
=590  \\$aHorward Collection$9LOCAL
=700  1\$aGreen, John
=936  1\$aHorward, Donald D.,$edonor$9LOCAL

