=LDR  00637nam a2200193Mi 4500
=008  \\\\\\s1956\\\\xx\\\\\\\\\\\\000\0\\\\\d
=040  \\$aFDA$beng$cFDA
=035  \\$a(FSUSCA)Horward_Row_2_Section_9_1504
=245  00$aSoldiers Glory /$cSir George Bell
=250  \\$aFirst edition
=264  \1$a[Place of publication not identified] :$bG. Bell and Sons,$c1956
=300  \\$avolume
=336  \\$atext$btxt$2rdacontent
=337  \\$aunmediated$bn$2rdamedia
=338  \\$avolume$bnc$2rdacarrier
=500  \\$aTitle on spreadsheet: "Soldiers Glory"
=590  \\$aHorward Collection$9LOCAL
=700  1\$aBell, George
=936  1\$aHorward, Donald D.,$edonor$9LOCAL

