=LDR  00654nam a2200181Mi 4500
=008  \\\\\\s1990\\\\xx\\\\\\\\\\\\000\0\\\\\d
=040  \\$aFDA$beng$cFDA
=035  \\$a(FSUSCA)Horward_Row_4_Section_7_2491
=245  00$aSoult, Napoleon's Maligned Marshal /$cSir Peter Hayman
=264  \1$a[Place of publication not identified] :$bArms and Armour Press,$c1990
=300  \\$avolume
=336  \\$atext$btxt$2rdacontent
=337  \\$aunmediated$bn$2rdamedia
=338  \\$avolume$bnc$2rdacarrier
=500  \\$aTitle on spreadsheet: "Soult: Napoleon's Maligned Marshal"
=590  \\$aHorward Collection$9LOCAL
=700  1\$aHayman, Peter
=936  1\$aHorward, Donald D.,$edonor$9LOCAL

