=LDR  00832nam a2200193Mi 4500
=008  \\\\\\s1929\\\\xx\\\\\\\\\\\\000\0\\\\\d
=040  \\$aFDA$beng$cFDA
=035  \\$a(FSUSCA)Horward_Row_4_Section_7_2499
=245  00$aSouvenirs D'Enfrance D'Une Fille de Joachim Murat, La Princesse Louise Murat Comtesse Rasponi 1805-1815 /$cJean-Baptiste Spaletti
=264  \1$a[Place of publication not identified] :$bPerrin et Cie,$c1929
=300  \\$avolume
=336  \\$atext$btxt$2rdacontent
=337  \\$aunmediated$bn$2rdamedia
=338  \\$avolume$bnc$2rdacarrier
=500  \\$aTitle on spreadsheet: "Souvenirs D'Enfrance D'Une Fille de Joachim Murat, La Princesse Louise Murat Comtesse Rasponi 1805-1815"
=500  \\$aCustom binding.
=590  \\$aHorward Collection$9LOCAL
=700  1\$aSpaletti, Jean-Baptiste
=936  1\$aHorward, Donald D.,$edonor$9LOCAL

