=LDR  00727nam a2200193Mi 4500
=008  \\\\\\s1874\\\\xx\\\\\\\\\\\\000\0\\\\\d
=040  \\$aFDA$beng$cFDA
=035  \\$a(FSUSCA)Horward_Row_2_Section_2_314
=245  00$aSouvenirs de Guerre et de Captivite d'un page de Napoleon /$cVictome de Barral
=264  \1$a[Place of publication not identified] :$bParis - Vie,$c1874
=300  \\$avolume
=336  \\$atext$btxt$2rdacontent
=337  \\$aunmediated$bn$2rdamedia
=338  \\$avolume$bnc$2rdacarrier
=500  \\$aTitle on spreadsheet: "Souvenirs de Guerre et de Captivite d'un page de Napoleon"
=500  \\$aCustom binding.
=590  \\$aHorward Collection$9LOCAL
=700  1\$ade Barral, Victome
=936  1\$aHorward, Donald D.,$edonor$9LOCAL

