=LDR  00743nam a2200181Mi 4500
=008  \\\\\\s1968\\\\xx\\\\\\\\\\\\000\0\\\\\d
=040  \\$aFDA$beng$cFDA
=035  \\$a(FSUSCA)Horward_Row_4_Section_7_2474
=245  00$aSouvenirs de la Famille Imperiale de Napoleon Ier a Napoleon III /$cChateau de Bois-Preau
=264  \1$a[Place of publication not identified] :$bMinistere d'Etat Affaires Culturelles,$c1968
=300  \\$avolume
=336  \\$atext$btxt$2rdacontent
=337  \\$aunmediated$bn$2rdamedia
=338  \\$avolume$bnc$2rdacarrier
=500  \\$aTitle on spreadsheet: "Souvenirs de la Famille Imperiale de Napoleon Ier a Napoleon III"
=590  \\$aHorward Collection$9LOCAL
=710  2\$aChateau de Bois-Preau
=936  1\$aHorward, Donald D.,$edonor$9LOCAL

