=LDR  00693nam a2200193Mi 4500
=008  \\\\\\s1970\\\\xx\\\\\\\\\\\\000\0\\\\\d
=040  \\$aFDA$beng$cFDA
=035  \\$a(FSUSCA)Horward_Row_4_Section_7_2487
=245  00$aSouvenirs des Guerres Napoleoniennes /$cJean Mistler and Helene Michaud
=264  \1$a[Place of publication not identified] :$bHachette,$c1970
=300  \\$avolume
=336  \\$atext$btxt$2rdacontent
=337  \\$aunmediated$bn$2rdamedia
=338  \\$avolume$bnc$2rdacarrier
=500  \\$aTitle on spreadsheet: "Souvenirs des Guerres Napoleoniennes "
=590  \\$aHorward Collection$9LOCAL
=700  1\$aMistler, Jean
=700  1\$aMichaud, Helene
=936  1\$aHorward, Donald D.,$edonor$9LOCAL

