=LDR  00675nam a2200193Mi 4500
=008  \\\\\\s1904\\\\xx\\\\\\\\\\\\000\0\\\\\d
=040  \\$aFDA$beng$cFDA
=035  \\$a(FSUSCA)Horward_Row_2_Section_3_507
=245  00$aSouvenirs de Sprunglin /$cG. Desdevises Du Dezert
=264  \1$a[Place of publication not identified] :$bJournal de Kleber,$c1904
=300  \\$avolume
=336  \\$atext$btxt$2rdacontent
=337  \\$aunmediated$bn$2rdamedia
=338  \\$avolume$bnc$2rdacarrier
=500  \\$aTitle on spreadsheet: "Souvenirs de Sprunglin"
=500  \\$aCustom binding.
=590  \\$aHorward Collection$9LOCAL
=700  1\$aDu Dezert, G. Desdevises
=936  1\$aHorward, Donald D.,$edonor$9LOCAL

