=LDR  00733nam a2200217Mi 4500
=008  \\\\\\s1892\\\\xx\\\\\\\\\\\\000\0\\\\\d
=040  \\$aFDA$beng$cFDA
=035  \\$a(FSUSCA)Horward_Row_2_Section_3_383
=245  00$aSouvenirs du Marechal MacDonald /$cM. Camille Rousset
=250  \\$a7th
=264  \1$a[Place of publication not identified] :$bE. Plon, Nourrit et Cie,$c1892
=300  \\$avolume
=336  \\$atext$btxt$2rdacontent
=337  \\$aunmediated$bn$2rdamedia
=338  \\$avolume$bnc$2rdacarrier
=500  \\$aTitle on spreadsheet: "Souvenirs du Marechal MacDonald"
=500  \\$aCustom binding.
=500  \\$aSigned?
=590  \\$aHorward Collection$9LOCAL
=700  1\$aRousset, M. Camille
=936  1\$aHorward, Donald D.,$edonor$9LOCAL

