=LDR  00703nam a2200193Mi 4500
=008  \\\\\\s1914\\\\xx\\\\\\\\\\\\000\0\\\\\d
=040  \\$aFDA$beng$cFDA
=035  \\$a(FSUSCA)Horward_Row_4_Section_7_2394
=245  00$aSouvenirs Militaires D'Octave Levavasseur /$cCommandant Beslay
=264  \1$a[Place of publication not identified] :$bPlon-Nourrit et Cie,$c1914
=300  \\$avolume
=336  \\$atext$btxt$2rdacontent
=337  \\$aunmediated$bn$2rdamedia
=338  \\$avolume$bnc$2rdacarrier
=500  \\$aTitle on spreadsheet: "Souvenirs Militaires D'Octave Levavasseur"
=500  \\$aCustom binding.
=590  \\$aHorward Collection$9LOCAL
=700  1\$aCommandant Beslay
=936  1\$aHorward, Donald D.,$edonor$9LOCAL

