=LDR  00669nam a2200193Mi 4500
=008  \\\\\\s1910\\\\xx\\\\\\\\\\\\000\0\\\\\d
=040  \\$aFDA$beng$cFDA
=035  \\$a(FSUSCA)Horward_Row_2_Section_7_1166
=245  00$aSouvenirs of Marechal Macdonald /$cCamille Rousset
=250  \\$a9th Edition
=264  \1$a[Place of publication not identified] :$bLibrary Plon,$c1910
=300  \\$avolume
=336  \\$atext$btxt$2rdacontent
=337  \\$aunmediated$bn$2rdamedia
=338  \\$avolume$bnc$2rdacarrier
=500  \\$aTitle on spreadsheet: "Souvenirs of Marechal Macdonald"
=590  \\$aHorward Collection$9LOCAL
=700  1\$aRousset, Camille
=936  1\$aHorward, Donald D.,$edonor$9LOCAL

