=LDR  00725nam a2200193Mi 4500
=008  \\\\\\s1908\\\\xx\\\\\\\\\\\\000\0\\\\\d
=040  \\$aFDA$beng$cFDA
=035  \\$a(FSUSCA)Horward_Row_4_Section_7_2364
=245  00$aSpain and Portugal, A Handbook for Travelers /$cKarl Baedeker
=250  \\$aThird
=264  \1$a[Place of publication not identified] :$bKarl Baedeker, Dulau and Co., Charles Scriber's Sons,$c1908
=300  \\$avolume
=336  \\$atext$btxt$2rdacontent
=337  \\$aunmediated$bn$2rdamedia
=338  \\$avolume$bnc$2rdacarrier
=500  \\$aTitle on spreadsheet: "Spain and Portugal: A Handbook for Travelers"
=590  \\$aHorward Collection$9LOCAL
=700  1\$aBaedeker, Karl
=936  1\$aHorward, Donald D.,$edonor$9LOCAL

