=LDR  00724nam a2200181Mi 4500
=008  \\\\\\s2000\\\\xx\\\\\\\\\\\\000\0\\\\\d
=040  \\$aFDA$beng$cFDA
=035  \\$a(FSUSCA)Horward_Row_2_Section_2_172
=245  00$aSpain in the Liberal Age From Constitution to Civil War, 1808-1939 /$cCharles J. Esdaile
=264  \1$a[Place of publication not identified] :$bBlackwell Publishers,$c2000
=300  \\$avolume
=336  \\$atext$btxt$2rdacontent
=337  \\$aunmediated$bn$2rdamedia
=338  \\$avolume$bnc$2rdacarrier
=500  \\$aTitle on spreadsheet: "Spain in the Liberal Age From Constitution to Civil War, 1808-1939"
=590  \\$aHorward Collection$9LOCAL
=700  1\$aEsdaile, Charles J.
=936  1\$aHorward, Donald D.,$edonor$9LOCAL

