=LDR  00670nam a2200181Mi 4500
=008  \\\\\\s1988\\\\xx\\\\\\\\\\\\000\0\\\\\d
=040  \\$aFDA$beng$cFDA
=035  \\$a(FSUSCA)Horward_Row_2_Section_8_1397
=245  00$aSpanish Army in the Peninsula War /$cCharles J. Esdaile
=264  \1$a[Place of publication not identified] :$bMachester University Press,$c1988
=300  \\$avolume
=336  \\$atext$btxt$2rdacontent
=337  \\$aunmediated$bn$2rdamedia
=338  \\$avolume$bnc$2rdacarrier
=500  \\$aTitle on spreadsheet: "The Spanish Army in the Peninsula War "
=590  \\$aHorward Collection$9LOCAL
=700  1\$aEsdaile, Charles J.
=936  1\$aHorward, Donald D.,$edonor$9LOCAL

