=LDR  00645nam a2200181Mi 4500
=008  \\\\\\s1905\\\\xx\\\\\\\\\\\\000\0\\\\\d
=040  \\$aFDA$beng$cFDA
=035  \\$a(FSUSCA)Horward_Row_4_Section_8_2568
=245  00$aSpanish Campaign of Sir John Moore /$cJ.H. Anderson
=264  \1$a[Place of publication not identified] :$bHugh Rees Ltd.,$c1905
=300  \\$avolume
=336  \\$atext$btxt$2rdacontent
=337  \\$aunmediated$bn$2rdamedia
=338  \\$avolume$bnc$2rdacarrier
=500  \\$aTitle on spreadsheet: "Spanish Campaign of Sir John Moore"
=590  \\$aHorward Collection$9LOCAL
=700  1\$aAnderson, J.H.
=936  1\$aHorward, Donald D.,$edonor$9LOCAL

