=LDR  00685nam a2200181Mi 4500
=008  \\\\\\s1973\\\\xx\\\\\\\\\\\\000\0\\\\\d
=040  \\$aFDA$beng$cFDA
=035  \\$a(FSUSCA)Horward_Row_2_Section_8_1430
=245  00$aSpanish Mousetrap, Napoleon and the Court Spain /$cNina Epton
=264  \1$a[Place of publication not identified] :$bMacdonald and Company Limited,$c1973
=300  \\$avolume
=336  \\$atext$btxt$2rdacontent
=337  \\$aunmediated$bn$2rdamedia
=338  \\$avolume$bnc$2rdacarrier
=500  \\$aTitle on spreadsheet: "The Spanish Mousetrap: Napoleon and the Court Spain "
=590  \\$aHorward Collection$9LOCAL
=700  1\$aEpton, Nina
=936  1\$aHorward, Donald D.,$edonor$9LOCAL

