=LDR  00677nam a2200181Mi 4500
=008  \\\\\\s1986\\\\xx\\\\\\\\\\\\000\0\\\\\d
=040  \\$aFDA$beng$cFDA
=035  \\$a(FSUSCA)Horward_Row_4_Section_6_2161
=245  00$aSpanish Ulcer, A History of the Peninsular War /$cDavid Gates
=264  \1$a[Place of publication not identified] :$bGeorge Allen and Unwin,$c1986
=300  \\$avolume
=336  \\$atext$btxt$2rdacontent
=337  \\$aunmediated$bn$2rdamedia
=338  \\$avolume$bnc$2rdacarrier
=500  \\$aTitle on spreadsheet: "The Spanish Ulcer: A History of the Peninsular War"
=590  \\$aHorward Collection$9LOCAL
=700  1\$aGates, David
=936  1\$aHorward, Donald D.,$edonor$9LOCAL

