=LDR  00682nam a2200193Mi 4500
=008  \\\\\\s1970\\\\xx\\\\\\\\\\\\000\0\\\\\d
=040  \\$aFDA$beng$cFDA
=035  \\$a(FSUSCA)Horward_Row_2_Section_6_927
=245  00$aSpencer and Waterloo Letters /$cBeatrice Madan
=250  \\$aFirst edition
=264  \1$a[Place of publication not identified] :$bLiterary Services and Production,$c1970
=300  \\$avolume
=336  \\$atext$btxt$2rdacontent
=337  \\$aunmediated$bn$2rdamedia
=338  \\$avolume$bnc$2rdacarrier
=500  \\$aTitle on spreadsheet: "Spencer and Waterloo Letters"
=590  \\$aHorward Collection$9LOCAL
=700  1\$aMadan, Beatrice
=936  1\$aHorward, Donald D.,$edonor$9LOCAL

