=LDR  00673nam a2200181Mi 4500
=008  \\\\\\suuuu\\\\xx\\\\\\\\\\\\000\0\\\\\d
=040  \\$aFDA$beng$cFDA
=035  \\$a(FSUSCA)Horward_Row_2_Section_8_1290
=245  00$aSt. Bernard Church /$cReverand Thomas R. Wilson
=264  \1$a[Place of publication not identified] :$b[publisher not identified],$c[date of publication not identified]
=300  \\$avolume
=336  \\$atext$btxt$2rdacontent
=337  \\$aunmediated$bn$2rdamedia
=338  \\$avolume$bnc$2rdacarrier
=500  \\$aTitle on spreadsheet: "St. Bernard Church "
=590  \\$aHorward Collection$9LOCAL
=700  1\$aWilson, Thomas R.
=936  1\$aHorward, Donald D.,$edonor$9LOCAL

