=LDR  00605nam a2200181Mi 4500
=008  \\\\\\s1936\\\\xx\\\\\\\\\\\\000\0\\\\\d
=040  \\$aFDA$beng$cFDA
=035  \\$a(FSUSCA)Horward_Row_2_Section_10_1685
=245  00$aSt. Helena /$cOctave Aubry
=264  \1$a[Place of publication not identified] :$bJ.B. Lippincott Company,$c1936
=300  \\$avolume
=336  \\$atext$btxt$2rdacontent
=337  \\$aunmediated$bn$2rdamedia
=338  \\$avolume$bnc$2rdacarrier
=500  \\$aTitle on spreadsheet: "St. Helena"
=590  \\$aHorward Collection$9LOCAL
=700  1\$aAubry, Octave
=936  1\$aHorward, Donald D.,$edonor$9LOCAL

