=LDR  00645nam a2200181Mi 4500
=008  \\\\\\s1963\\\\xx\\\\\\\\\\\\000\0\\\\\d
=040  \\$aFDA$beng$cFDA
=035  \\$a(FSUSCA)Horward_Row_2_Section_10_1745
=245  00$aSt. Vincent and Camperdown /$cChristopher Lloyd
=264  \1$a[Place of publication not identified] :$bThe Macmillan Company,$c1963
=300  \\$avolume
=336  \\$atext$btxt$2rdacontent
=337  \\$aunmediated$bn$2rdamedia
=338  \\$avolume$bnc$2rdacarrier
=500  \\$aTitle on spreadsheet: "St. Vincent and Camperdown"
=590  \\$aHorward Collection$9LOCAL
=700  1\$aLloyd, Christopher
=936  1\$aHorward, Donald D.,$edonor$9LOCAL

