=LDR  00818nam a2200181Mi 4500
=008  \\\\\\s1996\\\\xx\\\\\\\\\\\\000\0\\\\\d
=040  \\$aFDA$beng$cFDA
=035  \\$a(FSUSCA)Horward_Row_2_Section_12_2056
=245  00$aStop the Wheels of Government, America's French Party During the Directory Government and the Rise of Bonaparte /$cMatthew Q. Dawson
=264  \1$a[Place of publication not identified] :$bFlorida State University,$c1996
=300  \\$avolume
=336  \\$atext$btxt$2rdacontent
=337  \\$aunmediated$bn$2rdamedia
=338  \\$avolume$bnc$2rdacarrier
=500  \\$aTitle on spreadsheet: "Stop the Wheels of Government: America's French Party During the Directory Government and the Rise of Bonaparte"
=590  \\$aHorward Collection$9LOCAL
=700  1\$aDawson, Matthew Q.
=936  1\$aHorward, Donald D.,$edonor$9LOCAL

