=LDR  00662nam a2200181Mi 4500
=008  \\\\\\s1950\\\\xx\\\\\\\\\\\\000\0\\\\\d
=040  \\$aFDA$beng$cFDA
=035  \\$a(FSUSCA)Horward_Row_4_Section_7_2434
=245  00$aStory of Napoleon's Death Mask /$cG. L. de St. M. Watson
=264  \1$a[Place of publication not identified] :$bJohn Lane Company,$c1950
=300  \\$avolume
=336  \\$atext$btxt$2rdacontent
=337  \\$aunmediated$bn$2rdamedia
=338  \\$avolume$bnc$2rdacarrier
=500  \\$aTitle on spreadsheet: "The Story of Napoleon's Death Mask"
=590  \\$aHorward Collection$9LOCAL
=700  1\$aWatson, G. L. de St. M.
=936  1\$aHorward, Donald D.,$edonor$9LOCAL

