=LDR  00712nam a2200181Mi 4500
=008  \\\\\\s1915\\\\xx\\\\\\\\\\\\000\0\\\\\d
=040  \\$aFDA$beng$cFDA
=035  \\$a(FSUSCA)Horward_Row_2_Section_6_1069
=245  00$aStory of The Oxfordshire and Buckinghamshire Light Infantry /$cSir Henry Newbolt
=264  \1$a[Place of publication not identified] :$bCharles Scribner's Sons,$c1915
=300  \\$avolume
=336  \\$atext$btxt$2rdacontent
=337  \\$aunmediated$bn$2rdamedia
=338  \\$avolume$bnc$2rdacarrier
=500  \\$aTitle on spreadsheet: "The Story of The Oxfordshire and Buckinghamshire Light Infantry"
=590  \\$aHorward Collection$9LOCAL
=700  1\$aNewbolt, Henry
=936  1\$aHorward, Donald D.,$edonor$9LOCAL

