=LDR  00666nam a2200193Mi 4500
=008  \\\\\\s1996\\\\xx\\\\\\\\\\\\000\0\\\\\d
=040  \\$aFDA$beng$cFDA
=035  \\$a(FSUSCA)Horward_Row_2_Section_3_493
=245  00$aStructure du genie de Napoleon /$cHenri Cotard
=264  \1$a[Place of publication not identified] :$bRobert Laffont,$c1996
=300  \\$avolume
=336  \\$atext$btxt$2rdacontent
=337  \\$aunmediated$bn$2rdamedia
=338  \\$avolume$bnc$2rdacarrier
=500  \\$aTitle on spreadsheet: "Structure du genie de Napoleon"
=500  \\$aCustom binding.
=590  \\$aHorward Collection$9LOCAL
=700  1\$aCotard, Henri
=936  1\$aHorward, Donald D.,$edonor$9LOCAL

