=LDR  00713nam a2200181Mi 4500
=008  \\\\\\suuuu\\\\xx\\\\\\\\\\\\000\0\\\\\d
=040  \\$aFDA$beng$cFDA
=035  \\$a(FSUSCA)Horward_Row_2_Section_8_1431
=245  00$aSubaltern, a Chronicle of the Peninsular War /$cGeorge Robert Gleig
=264  \1$a[Place of publication not identified] :$bLayston Press,$c[date of publication not identified]
=300  \\$avolume
=336  \\$atext$btxt$2rdacontent
=337  \\$aunmediated$bn$2rdamedia
=338  \\$avolume$bnc$2rdacarrier
=500  \\$aTitle on spreadsheet: "The Subaltern: a Chronicle of the Peninsular War "
=590  \\$aHorward Collection$9LOCAL
=700  1\$aGleig, George Robert
=936  1\$aHorward, Donald D.,$edonor$9LOCAL

