=LDR  00694nam a2200181Mi 4500
=008  \\\\\\s1983\\\\xx\\\\\\\\\\\\000\0\\\\\d
=040  \\$aFDA$beng$cFDA
=035  \\$a(FSUSCA)Horward_Row_2_Section_10_1775
=245  00$aSurpriser, The Life of Rowland, Lord Hill /$cGordon L. Teffeteller
=264  \1$a[Place of publication not identified] :$bUniversity of Delaware Press,$c1983
=300  \\$avolume
=336  \\$atext$btxt$2rdacontent
=337  \\$aunmediated$bn$2rdamedia
=338  \\$avolume$bnc$2rdacarrier
=500  \\$aTitle on spreadsheet: "The Surpriser: The Life of Rowland, Lord Hill"
=590  \\$aHorward Collection$9LOCAL
=700  1\$aTeffeteller, Gordon L.
=936  1\$aHorward, Donald D.,$edonor$9LOCAL

