=LDR  00604nam a2200181Mi 4500
=008  \\\\\\s1920\\\\xx\\\\\\\\\\\\000\0\\\\\d
=040  \\$aFDA$beng$cFDA
=035  \\$a(FSUSCA)Horward_Row_2_Section_11_1839
=245  00$aSuvorof /$cLyon Blease
=264  \1$a[Place of publication not identified] :$bConstable and Company, Limited,$c1920
=300  \\$avolume
=336  \\$atext$btxt$2rdacontent
=337  \\$aunmediated$bn$2rdamedia
=338  \\$avolume$bnc$2rdacarrier
=500  \\$aTitle on spreadsheet: "Suvorof"
=590  \\$aHorward Collection$9LOCAL
=700  1\$aBlease, Lyon
=936  1\$aHorward, Donald D.,$edonor$9LOCAL

