=LDR  00813nam a2200205Mi 4500
=008  \\\\\\s1928\\\\xx\\\\\\\\\\\\000\0\\\\\d
=040  \\$aFDA$beng$cFDA
=035  \\$a(FSUSCA)Horward_Row_4_Section_7_2363
=245  00$aSwitzerland, Together With Chamonix and the Italian Lakes /$cKarl Baedeker
=250  \\$aTwenty-Seventh
=264  \1$a[Place of publication not identified] :$bKarl Baedeker, George Allen and Unwin, Charles Scriber's Sons,$c1928
=300  \\$avolume
=336  \\$atext$btxt$2rdacontent
=337  \\$aunmediated$bn$2rdamedia
=338  \\$avolume$bnc$2rdacarrier
=500  \\$aTitle on spreadsheet: "Switzerland: Together With Chamonix and the Italian Lakes"
=500  \\$aIntroduction pages unbound.
=590  \\$aHorward Collection$9LOCAL
=700  1\$aBaedeker, Karl
=936  1\$aHorward, Donald D.,$edonor$9LOCAL

