=LDR  00729nam a2200193Mi 4500
=008  \\\\\\s1998\\\\xx\\\\\\\\\\\\000\0\\\\\d
=040  \\$aFDA$beng$cFDA
=035  \\$a(FSUSCA)Horward_Row_2_Section_10_1723
=245  00$aSymbols, Myths, and Images of the French Revolution /$cJan Germani and Robin Swales
=264  \1$a[Place of publication not identified] :$bUniversity of Regina,$c1998
=300  \\$avolume
=336  \\$atext$btxt$2rdacontent
=337  \\$aunmediated$bn$2rdamedia
=338  \\$avolume$bnc$2rdacarrier
=500  \\$aTitle on spreadsheet: "Symbols, Myths, and Images of the French Revolution"
=590  \\$aHorward Collection$9LOCAL
=700  1\$aGermani, Jan
=700  1\$aSwales, Robin
=936  1\$aHorward, Donald D.,$edonor$9LOCAL

