=LDR  00631nam a2200181Mi 4500
=008  \\\\\\s1900\\\\xx\\\\\\\\\\\\000\0\\\\\d
=040  \\$aFDA$beng$cFDA
=035  \\$a(FSUSCA)Horward_Row_2_Section_2_221
=245  00$aTagebuch eines Rheinbund-Offiziers /$cBarkhausen
=264  \1$a[Place of publication not identified] :$bBergmann,$c1900
=300  \\$avolume
=336  \\$atext$btxt$2rdacontent
=337  \\$aunmediated$bn$2rdamedia
=338  \\$avolume$bnc$2rdacarrier
=500  \\$aTitle on spreadsheet: "Tagebuch eines Rheinbund-Offiziers"
=590  \\$aHorward Collection$9LOCAL
=700  1\$aBarkhausen
=936  1\$aHorward, Donald D.,$edonor$9LOCAL

