=LDR  00675nam a2200181Mi 4500
=008  \\\\\\s1970\\\\xx\\\\\\\\\\\\000\0\\\\\d
=040  \\$aFDA$beng$cFDA
=035  \\$a(FSUSCA)Horward_Row_4_Section_7_2504
=245  00$aTaking of the Bastille, July 14th, 1789 /$cJacques Godechot
=264  \1$a[Place of publication not identified] :$bCharles Scribener's Sons,$c1970
=300  \\$avolume
=336  \\$atext$btxt$2rdacontent
=337  \\$aunmediated$bn$2rdamedia
=338  \\$avolume$bnc$2rdacarrier
=500  \\$aTitle on spreadsheet: "The Taking of the Bastille: July 14th, 1789"
=590  \\$aHorward Collection$9LOCAL
=700  1\$aGodechot, Jacques
=936  1\$aHorward, Donald D.,$edonor$9LOCAL

