=LDR  00624nam a2200193Mi 4500
=008  \\\\\\s1944\\\\xx\\\\\\\\\\\\000\0\\\\\d
=040  \\$aFDA$beng$cFDA
=035  \\$a(FSUSCA)Horward_Row_2_Section_6_990
=245  00$aTalleyrand /$cLouis Madelin
=264  \1$a[Place of publication not identified] :$bFlammarion,$c1944
=300  \\$avolume
=336  \\$atext$btxt$2rdacontent
=337  \\$aunmediated$bn$2rdamedia
=338  \\$avolume$bnc$2rdacarrier
=500  \\$aTitle on spreadsheet: "Talleyrand"
=500  \\$aCustom binding.
=590  \\$aHorward Collection$9LOCAL
=700  1\$aMadelin, Louis
=936  1\$aHorward, Donald D.,$edonor$9LOCAL

