=LDR  00591nam a2200181Mi 4500
=008  \\\\\\s1970\\\\xx\\\\\\\\\\\\000\0\\\\\d
=040  \\$aFDA$beng$cFDA
=035  \\$a(FSUSCA)Horward_Row_4_Section_7_2425
=245  00$aTalleyrand /$cJean Orieux
=264  \1$a[Place of publication not identified] :$bFlammarion,$c1970
=300  \\$avolume
=336  \\$atext$btxt$2rdacontent
=337  \\$aunmediated$bn$2rdamedia
=338  \\$avolume$bnc$2rdacarrier
=500  \\$aTitle on spreadsheet: "Talleyrand  "
=590  \\$aHorward Collection$9LOCAL
=700  1\$aOrieux, Jean
=936  1\$aHorward, Donald D.,$edonor$9LOCAL

