=LDR  00665nam a2200181Mi 4500
=008  \\\\\\s1970\\\\xx\\\\\\\\\\\\000\0\\\\\d
=040  \\$aFDA$beng$cFDA
=035  \\$a(FSUSCA)Horward_Row_4_Section_6_2323
=245  00$aTalleyrand, Statesman-Priest /$cLouis S. Greenbaum
=264  \1$a[Place of publication not identified] :$bCatholic University of America Press,$c1970
=300  \\$avolume
=336  \\$atext$btxt$2rdacontent
=337  \\$aunmediated$bn$2rdamedia
=338  \\$avolume$bnc$2rdacarrier
=500  \\$aTitle on spreadsheet: "Talleyrand: Statesman-Priest"
=590  \\$aHorward Collection$9LOCAL
=700  1\$aGreenbaum, Louis S.
=936  1\$aHorward, Donald D.,$edonor$9LOCAL

