=LDR  00642nam a2200181Mi 4500
=008  \\\\\\s1966\\\\xx\\\\\\\\\\\\000\0\\\\\d
=040  \\$aFDA$beng$cFDA
=035  \\$a(FSUSCA)Horward_Row_2_Section_7_1106
=245  00$aTalleyrand's Last Duchess /$cFrachoise De Bernardy
=264  \1$a[Place of publication not identified] :$bStein and Day,$c1966
=300  \\$avolume
=336  \\$atext$btxt$2rdacontent
=337  \\$aunmediated$bn$2rdamedia
=338  \\$avolume$bnc$2rdacarrier
=500  \\$aTitle on spreadsheet: "Talleyrand's Last Duchess"
=590  \\$aHorward Collection$9LOCAL
=700  1\$aDe Bernardy, Frachoise
=936  1\$aHorward, Donald D.,$edonor$9LOCAL

