=LDR  00794nam a2200181Mi 4500
=008  \\\\\\s2000\\\\xx\\\\\\\\\\\\000\0\\\\\d
=040  \\$aFDA$beng$cFDA
=035  \\$a(FSUSCA)Horward_Row_4_Section_7_2352
=245  00$aTarget Packet for EUH4452 and EUH5457 on French Political Thought at the Accession of Louis XVI /$cKeith Michael Baker
=264  \1$a[Place of publication not identified] :$bUniversity of Chicago Press,$c2000
=300  \\$avolume
=336  \\$atext$btxt$2rdacontent
=337  \\$aunmediated$bn$2rdamedia
=338  \\$avolume$bnc$2rdacarrier
=500  \\$aTitle on spreadsheet: "Target Packet for EUH4452 and EUH5457 on "French Political Thought at the Accession of Louis XVI""
=590  \\$aHorward Collection$9LOCAL
=700  1\$aBaker, Keith Michael
=936  1\$aHorward, Donald D.,$edonor$9LOCAL

