=LDR  00778nam a2200181Mi 4500
=008  \\\\\\s1997\\\\xx\\\\\\\\\\\\000\0\\\\\d
=040  \\$aFDA$beng$cFDA
=035  \\$a(FSUSCA)Horward_Row_2_Section_12_2057
=245  00$aTesting The Limits of Liberte, Egalite, Fraternite, Slavery During the French Revolution /$cJennifer Jane Pierce
=264  \1$a[Place of publication not identified] :$bFlorida State University,$c1997
=300  \\$avolume
=336  \\$atext$btxt$2rdacontent
=337  \\$aunmediated$bn$2rdamedia
=338  \\$avolume$bnc$2rdacarrier
=500  \\$aTitle on spreadsheet: "Testing The Limits of Liberte, Egalite, Fraternite: Slavery During the French Revolution"
=590  \\$aHorward Collection$9LOCAL
=700  1\$aPierce, Jennifer Jane
=936  1\$aHorward, Donald D.,$edonor$9LOCAL

