=LDR  00732nam a2200181Mi 4500
=008  \\\\\\s1964\\\\xx\\\\\\\\\\\\000\0\\\\\d
=040  \\$aFDA$beng$cFDA
=035  \\$a(FSUSCA)Horward_Row_4_Section_7_2484
=245  00$aThermidorians and the Directory, Two Phases of the French Revolution /$cGeorges Lefebvre
=264  \1$a[Place of publication not identified] :$bRandom House Publishing,$c1964
=300  \\$avolume
=336  \\$atext$btxt$2rdacontent
=337  \\$aunmediated$bn$2rdamedia
=338  \\$avolume$bnc$2rdacarrier
=500  \\$aTitle on spreadsheet: "The Thermidorians and the Directory: Two Phases of the French Revolution"
=590  \\$aHorward Collection$9LOCAL
=700  1\$aLefebvre, Georges
=936  1\$aHorward, Donald D.,$edonor$9LOCAL

