=LDR  00713nam a2200205Mi 4500
=008  \\\\\\s1938\\\\xx\\\\\\\\\\\\000\0\\\\\d
=040  \\$aFDA$beng$cFDA
=035  \\$a(FSUSCA)Horward_Row_2_Section_3_375
=245  00$aThomas Paine, 1737-1809 /$cM.A. Pardee
=264  \1$a[Place of publication not identified] :$bTous Drois Reserves,$c1938
=300  \\$avolume
=336  \\$atext$btxt$2rdacontent
=337  \\$aunmediated$bn$2rdamedia
=338  \\$avolume$bnc$2rdacarrier
=500  \\$aTitle on spreadsheet: "Thomas Paine, 1737-1809"
=500  \\$aMay contain custom binding.
=500  \\$aContains envelope with notes.
=590  \\$aHorward Collection$9LOCAL
=700  1\$aPardee, M.A.
=936  1\$aHorward, Donald D.,$edonor$9LOCAL

