=LDR  00646nam a2200181Mi 4500
=008  \\\\\\s2003\\\\xx\\\\\\\\\\\\000\0\\\\\d
=040  \\$aFDA$beng$cFDA
=035  \\$a(FSUSCA)Horward_Row_4_Section_6_2208
=245  00$aTocqueville Unveiled /$cRobert T. Gannett Jr.
=264  \1$a[Place of publication not identified] :$bUniversity of Chicago Press,$c2003
=300  \\$avolume
=336  \\$atext$btxt$2rdacontent
=337  \\$aunmediated$bn$2rdamedia
=338  \\$avolume$bnc$2rdacarrier
=500  \\$aTitle on spreadsheet: "Tocqueville Unveiled"
=590  \\$aHorward Collection$9LOCAL
=700  1\$aRobert, T. Gannett Jr.
=936  1\$aHorward, Donald D.,$edonor$9LOCAL

