=LDR  00713nam a2200181Mi 4500
=008  \\\\\\s1993\\\\xx\\\\\\\\\\\\000\0\\\\\d
=040  \\$aFDA$beng$cFDA
=035  \\$a(FSUSCA)Horward_Row_4_Section_5_2144
=245  00$aToulon To Marengo, The Early Career of Claude-Victor Perrin /$cJohn F. Weinzierl
=264  \1$a[Place of publication not identified] :$bFlorida State University,$c1993
=300  \\$avolume
=336  \\$atext$btxt$2rdacontent
=337  \\$aunmediated$bn$2rdamedia
=338  \\$avolume$bnc$2rdacarrier
=500  \\$aTitle on spreadsheet: "Toulon To Marengo: The Early Career of Claude-Victor Perrin"
=590  \\$aHorward Collection$9LOCAL
=700  1\$aWeinzierl, John F.
=936  1\$aHorward, Donald D.,$edonor$9LOCAL

