=LDR  00625nam a2200181Mi 4500
=008  \\\\\\s1973\\\\xx\\\\\\\\\\\\000\0\\\\\d
=040  \\$aFDA$beng$cFDA
=035  \\$a(FSUSCA)Horward_Row_2_Section_1_95
=245  00$aToussaint l'Overture /$cTyson, George F. (ed.)
=264  \1$a[Place of publication not identified] :$bPrentice Hall,$c1973
=300  \\$avolume
=336  \\$atext$btxt$2rdacontent
=337  \\$aunmediated$bn$2rdamedia
=338  \\$avolume$bnc$2rdacarrier
=500  \\$aTitle on spreadsheet: "Toussaint l'Overture"
=590  \\$aHorward Collection$9LOCAL
=700  1\$aTyson, George F.
=936  1\$aHorward, Donald D.,$edonor$9LOCAL

