=LDR  00694nam a2200193Mi 4500
=008  \\\\\\s1973\\\\xx\\\\\\\\\\\\000\0\\\\\d
=040  \\$aFDA$beng$cFDA
=035  \\$a(FSUSCA)Horward_Row_2_Section_10_1713
=245  00$aToward the French Revolution /$cLouis Gottschalk and Donald Lach
=264  \1$a[Place of publication not identified] :$bCharles Scribner's Sons,$c1973
=300  \\$avolume
=336  \\$atext$btxt$2rdacontent
=337  \\$aunmediated$bn$2rdamedia
=338  \\$avolume$bnc$2rdacarrier
=500  \\$aTitle on spreadsheet: "Toward the French Revolution"
=590  \\$aHorward Collection$9LOCAL
=700  1\$aGottschalk, Louis
=700  1\$aLach, Donald
=936  1\$aHorward, Donald D.,$edonor$9LOCAL

