=LDR  00635nam a2200181Mi 4500
=008  \\\\\\s1957\\\\xx\\\\\\\\\\\\000\0\\\\\d
=040  \\$aFDA$beng$cFDA
=035  \\$a(FSUSCA)Horward_Row_2_Section_6_933
=245  00$aTrafalgar Napoleon's Naval Waterloo /$cRene Maine
=264  \1$a[Place of publication not identified] :$bScribners,$c1957
=300  \\$avolume
=336  \\$atext$btxt$2rdacontent
=337  \\$aunmediated$bn$2rdamedia
=338  \\$avolume$bnc$2rdacarrier
=500  \\$aTitle on spreadsheet: "Trafalgar Napoleon's Naval Waterloo"
=590  \\$aHorward Collection$9LOCAL
=700  1\$aMaine, Rene
=936  1\$aHorward, Donald D.,$edonor$9LOCAL

