=LDR  00715nam a2200193Mi 4500
=008  \\\\\\suuuu\\\\xx\\\\\\\\\\\\000\0\\\\\d
=040  \\$aFDA$beng$cFDA
=035  \\$a(FSUSCA)Horward_Row_2_Section_4_630
=245  00$aTragedy of an Army La Vendee in 1793 /$cI. A. Taylor
=250  \\$aNew Edition
=264  \1$a[Place of publication not identified] :$bHutchinson and Co.,$c[date of publication not identified]
=300  \\$avolume
=336  \\$atext$btxt$2rdacontent
=337  \\$aunmediated$bn$2rdamedia
=338  \\$avolume$bnc$2rdacarrier
=500  \\$aTitle on spreadsheet: "The Tragedy of an Army La Vendee in 1793 "
=590  \\$aHorward Collection$9LOCAL
=700  1\$aTaylor, I. A.
=936  1\$aHorward, Donald D.,$edonor$9LOCAL

