=LDR  00695nam a2200181Mi 4500
=008  \\\\\\s1965\\\\xx\\\\\\\\\\\\000\0\\\\\d
=040  \\$aFDA$beng$cFDA
=035  \\$a(FSUSCA)Horward_Row_4_Section_7_2518
=245  00$aTraveller's Guide to the Battlefields of Europe$nVol. I /$cDavid Chandler
=264  \1$a[Place of publication not identified] :$bHugh Evelyn London,$c1965
=300  \\$avolume
=336  \\$atext$btxt$2rdacontent
=337  \\$aunmediated$bn$2rdamedia
=338  \\$avolume$bnc$2rdacarrier
=500  \\$aTitle on spreadsheet: "A Traveller's Guide to the Battlefields of Europe, Vol. I"
=590  \\$aHorward Collection$9LOCAL
=700  1\$aChandler, David
=936  1\$aHorward, Donald D.,$edonor$9LOCAL

