=LDR  00610nam a2200181Mi 4500
=008  \\\\\\s1961\\\\xx\\\\\\\\\\\\000\0\\\\\d
=040  \\$aFDA$beng$cFDA
=035  \\$a(FSUSCA)Horward_Row_2_Section_9_1603
=245  00$aTrois Cents Jours D'exil /$cGodlewski
=264  \1$a[Place of publication not identified] :$bHachette,$c1961
=300  \\$avolume
=336  \\$atext$btxt$2rdacontent
=337  \\$aunmediated$bn$2rdamedia
=338  \\$avolume$bnc$2rdacarrier
=500  \\$aTitle on spreadsheet: "Trois Cents Jours D'exil"
=590  \\$aHorward Collection$9LOCAL
=700  1\$aGodlewski
=936  1\$aHorward, Donald D.,$edonor$9LOCAL

