=LDR  00757nam a2200181Mi 4500
=008  \\\\\\s2004\\\\xx\\\\\\\\\\\\000\0\\\\\d
=040  \\$aFDA$beng$cFDA
=035  \\$a(FSUSCA)Horward_Row_2_Section_8_1325
=245  00$aTurning Victory Into Success, Military Operations AFter the CAmpaign /$cDr. Lieutenant Colonel Brian M. De Toy
=264  \1$a[Place of publication not identified] :$bCombat Studies Institute Press,$c2004
=300  \\$avolume
=336  \\$atext$btxt$2rdacontent
=337  \\$aunmediated$bn$2rdamedia
=338  \\$avolume$bnc$2rdacarrier
=500  \\$aTitle on spreadsheet: "Turning Victory Into Success: Military Operations AFter the CAmpaign "
=590  \\$aHorward Collection$9LOCAL
=700  1\$aDe Toy, Brian M.
=936  1\$aHorward, Donald D.,$edonor$9LOCAL

