=LDR  00648nam a2200181Mi 4500
=008  \\\\\\s1924\\\\xx\\\\\\\\\\\\000\0\\\\\d
=040  \\$aFDA$beng$cFDA
=035  \\$a(FSUSCA)Horward_Row_4_Section_8_2628
=245  00$aTwo Royalist Spies of the French Revolution /$cLenotre
=264  \1$a[Place of publication not identified] :$bFisher Unwin,$c1924
=300  \\$avolume
=336  \\$atext$btxt$2rdacontent
=337  \\$aunmediated$bn$2rdamedia
=338  \\$avolume$bnc$2rdacarrier
=500  \\$aTitle on spreadsheet: "Two Royalist Spies of the French Revolution"
=590  \\$aHorward Collection$9LOCAL
=700  1\$aLenotre
=936  1\$aHorward, Donald D.,$edonor$9LOCAL

