=LDR  00773nam a2200193Mi 4500
=008  \\\\\\s1969\\\\xx\\\\\\\\\\\\000\0\\\\\d
=040  \\$aFDA$beng$cFDA
=035  \\$a(FSUSCA)Horward_Row_2_Section_2_242
=245  00$aUn Agent Royaliste Pendant La Revolution Pierre-Jacques Le Maitre 1790-1795 /$cAndre Doyon
=264  \1$a[Place of publication not identified] :$bSociete des Etudes Robespieristes,$c1969
=300  \\$avolume
=336  \\$atext$btxt$2rdacontent
=337  \\$aunmediated$bn$2rdamedia
=338  \\$avolume$bnc$2rdacarrier
=500  \\$aTitle on spreadsheet: "Un Agent Royaliste Pendant La Revolution Pierre-Jacques Le Maitre 1790-1795"
=500  \\$aCustom binding.
=590  \\$aHorward Collection$9LOCAL
=700  1\$aDoyon, Andre
=936  1\$aHorward, Donald D.,$edonor$9LOCAL

