=LDR  00736nam a2200181Mi 4500
=008  \\\\\\suuuu\\\\xx\\\\\\\\\\\\000\0\\\\\d
=040  \\$aFDA$beng$cFDA
=035  \\$a(FSUSCA)Horward_Row_4_Section_7_2390
=245  00$aUna Vie D'Ambassadrice Au Siecle Dernier La Princesse de Lieven /$cErnest Daudet
=264  \1$a[Place of publication not identified] :$bPlon et Nourrit,$c[date of publication not identified]
=300  \\$avolume
=336  \\$atext$btxt$2rdacontent
=337  \\$aunmediated$bn$2rdamedia
=338  \\$avolume$bnc$2rdacarrier
=500  \\$aTitle on spreadsheet: "Una Vie D'Ambassadrice Au Siecle Dernier La Princesse de Lieven"
=590  \\$aHorward Collection$9LOCAL
=700  1\$aDaudet, Ernest
=936  1\$aHorward, Donald D.,$edonor$9LOCAL

