=LDR  00711nam a2200193Mi 4500
=008  \\\\\\suuuu\\\\xx\\\\\\\\\\\\000\0\\\\\d
=040  \\$aFDA$beng$cFDA
=035  \\$a(FSUSCA)Horward_Row_2_Section_6_952
=245  00$aUn curieux recit de Waterloo /$cTheo Fleischmann
=264  \1$a[Place of publication not identified] :$bMeddens and C. Editeurs,$c[date of publication not identified]
=300  \\$avolume
=336  \\$atext$btxt$2rdacontent
=337  \\$aunmediated$bn$2rdamedia
=338  \\$avolume$bnc$2rdacarrier
=500  \\$aTitle on spreadsheet: "Un curieux recit de Waterloo"
=500  \\$aCustom binding.
=590  \\$aHorward Collection$9LOCAL
=700  1\$aFleischmann, Theo
=936  1\$aHorward, Donald D.,$edonor$9LOCAL

