=LDR  00676nam a2200193Mi 4500
=008  \\\\\\s2012\\\\xx\\\\\\\\\\\\000\0\\\\\d
=040  \\$aFDA$beng$cFDA
=035  \\$a(FSUSCA)Horward_Row_2_Section_10_1754
=245  00$aUnder the Shadow of Napoleon /$cMichael A. Bonura
=264  \1$a[Place of publication not identified] :$bNYU Press,$c2012
=300  \\$avolume
=336  \\$atext$btxt$2rdacontent
=337  \\$aunmediated$bn$2rdamedia
=338  \\$avolume$bnc$2rdacarrier
=500  \\$aTitle on spreadsheet: "Under the Shadow of Napoleon"
=500  \\$aLetter from NYU Press.
=590  \\$aHorward Collection$9LOCAL
=700  1\$aBonura, Michael A.
=936  1\$aHorward, Donald D.,$edonor$9LOCAL

