=LDR  00838nam a2200181Mi 4500
=008  \\\\\\s2012\\\\xx\\\\\\\\\\\\000\0\\\\\d
=040  \\$aFDA$beng$cFDA
=035  \\$a(FSUSCA)Horward_Row_2_Section_8_1273
=245  00$aUnder the Shadow of Napoleon, French Influence on the American Way of Warfare from the War of 1812 to the Outbreak of WW2 /$cMichael A. Bonura
=264  \1$a[Place of publication not identified] :$bNew York University Press,$c2012
=300  \\$avolume
=336  \\$atext$btxt$2rdacontent
=337  \\$aunmediated$bn$2rdamedia
=338  \\$avolume$bnc$2rdacarrier
=500  \\$aTitle on spreadsheet: "Under the Shadow of Napoleon: French Influence on the American Way of Warfare from the War of 1812 to the Outbreak of WW2"
=590  \\$aHorward Collection$9LOCAL
=700  1\$aBonura, Michael A.
=936  1\$aHorward, Donald D.,$edonor$9LOCAL

