=LDR  00669nam a2200193Mi 4500
=008  \\\\\\s1902\\\\xx\\\\\\\\\\\\000\0\\\\\d
=040  \\$aFDA$beng$cFDA
=035  \\$a(FSUSCA)Horward_Row_2_Section_11_1860
=245  00$aUnder Two Captains /$cRev. W.A. Sadtler
=264  \1$a[Place of publication not identified] :$bUnited Lutheran Publication House,$c1902
=300  \\$avolume
=336  \\$atext$btxt$2rdacontent
=337  \\$aunmediated$bn$2rdamedia
=338  \\$avolume$bnc$2rdacarrier
=500  \\$aTitle on spreadsheet: "Under Two Captains"
=500  \\$aSigned and memo.
=590  \\$aHorward Collection$9LOCAL
=700  1\$aSadtler, W.A.
=936  1\$aHorward, Donald D.,$edonor$9LOCAL

