=LDR  00793nam a2200193Mi 4500
=008  \\\\\\s1906\\\\xx\\\\\\\\\\\\000\0\\\\\d
=040  \\$aFDA$beng$cFDA
=035  \\$a(FSUSCA)Horward_Row_2_Section_2_275
=245  00$aUn Duc et Pair au Service de la Revolution. Le Duc de Lauzun (General Biron) /$cBiron, Armand-Louis de Gontaut
=264  \1$a[Place of publication not identified] :$bPerrin et Cie,$c1906
=300  \\$avolume
=336  \\$atext$btxt$2rdacontent
=337  \\$aunmediated$bn$2rdamedia
=338  \\$avolume$bnc$2rdacarrier
=500  \\$aTitle on spreadsheet: "Un Duc et Pair au Service de la Revolution. Le Duc de Lauzun (General Biron) "
=500  \\$aCustom binding.
=590  \\$aHorward Collection$9LOCAL
=700  1\$aBiron, Armand-Louis de Gontaut
=936  1\$aHorward, Donald D.,$edonor$9LOCAL

