=LDR  00658nam a2200193Mi 4500
=008  \\\\\\s1929\\\\xx\\\\\\\\\\\\000\0\\\\\d
=040  \\$aFDA$beng$cFDA
=035  \\$a(FSUSCA)Horward_Row_2_Section_3_419
=245  00$aUn Grand Profiteur de Guerre /$cArthur Levy
=264  \1$a[Place of publication not identified] :$bCalmann Levy,$c1929
=300  \\$avolume
=336  \\$atext$btxt$2rdacontent
=337  \\$aunmediated$bn$2rdamedia
=338  \\$avolume$bnc$2rdacarrier
=500  \\$aTitle on spreadsheet: "Un Grand Profiteur de Guerre"
=500  \\$aCustom binding.
=590  \\$aHorward Collection$9LOCAL
=700  1\$aLevy, Arthur
=936  1\$aHorward, Donald D.,$edonor$9LOCAL

