=LDR  00648nam a2200193Mi 4500
=008  \\\\\\s1911\\\\xx\\\\\\\\\\\\000\0\\\\\d
=040  \\$aFDA$beng$cFDA
=035  \\$a(FSUSCA)Horward_Row_2_Section_7_1155
=245  00$aUn Heros de la Grande Armee /$cMotey
=264  \1$a[Place of publication not identified] :$bLibrary Alphonse,$c1911
=300  \\$avolume
=336  \\$atext$btxt$2rdacontent
=337  \\$aunmediated$bn$2rdamedia
=338  \\$avolume$bnc$2rdacarrier
=500  \\$aTitle on spreadsheet: "Un Heros de la Grande Armee"
=500  \\$aCustom binding.
=590  \\$aHorward Collection$9LOCAL
=700  1\$aMotey
=936  1\$aHorward, Donald D.,$edonor$9LOCAL

