=LDR  00698nam a2200205Mi 4500
=008  \\\\\\s1947\\\\xx\\\\\\\\\\\\000\0\\\\\d
=040  \\$aFDA$beng$cFDA
=035  \\$a(FSUSCA)Horward_Row_4_Section_8_2606
=245  00$aUn Homme Du People sous la Revolution /$cManney and Vailland
=264  \1$a[Place of publication not identified] :$bCorrea,$c1947
=300  \\$avolume
=336  \\$atext$btxt$2rdacontent
=337  \\$aunmediated$bn$2rdamedia
=338  \\$avolume$bnc$2rdacarrier
=500  \\$aTitle on spreadsheet: "Un Homme Du People sous la Revolution"
=500  \\$aCustom binding.
=590  \\$aHorward Collection$9LOCAL
=700  1\$aManney
=700  1\$aVailland
=936  1\$aHorward, Donald D.,$edonor$9LOCAL

