=LDR  00705nam a2200193Mi 4500
=008  \\\\\\s1964\\\\xx\\\\\\\\\\\\000\0\\\\\d
=040  \\$aFDA$beng$cFDA
=035  \\$a(FSUSCA)Horward_Row_2_Section_2_241
=245  00$aUn Journal de Province Sous La Revolution /$cRene Gerard
=264  \1$a[Place of publication not identified] :$bSociete des Etudes Robespieristes,$c1964
=300  \\$avolume
=336  \\$atext$btxt$2rdacontent
=337  \\$aunmediated$bn$2rdamedia
=338  \\$avolume$bnc$2rdacarrier
=500  \\$aTitle on spreadsheet: "Un Journal de Province Sous La Revolution"
=500  \\$aCustom binding.
=590  \\$aHorward Collection$9LOCAL
=700  1\$aGerard, Rene
=936  1\$aHorward, Donald D.,$edonor$9LOCAL

