=LDR  00668nam a2200181Mi 4500
=008  \\\\\\s1935\\\\xx\\\\\\\\\\\\000\0\\\\\d
=040  \\$aFDA$beng$cFDA
=035  \\$a(FSUSCA)Horward_Row_2_Section_10_1703
=245  00$aVarennes, The Flight of Louis XVI (1791) /$cCesare Giardini
=264  \1$a[Place of publication not identified] :$bThornton Butterworth,$c1935
=300  \\$avolume
=336  \\$atext$btxt$2rdacontent
=337  \\$aunmediated$bn$2rdamedia
=338  \\$avolume$bnc$2rdacarrier
=500  \\$aTitle on spreadsheet: "Varennes: The Flight of Louis XVI (1791)"
=590  \\$aHorward Collection$9LOCAL
=700  1\$aGiardini, Cesare
=936  1\$aHorward, Donald D.,$edonor$9LOCAL

