=LDR  00623nam a2200181Mi 4500
=008  \\\\\\s1925\\\\xx\\\\\\\\\\\\000\0\\\\\d
=040  \\$aFDA$beng$cFDA
=035  \\$a(FSUSCA)Horward_Row_2_Section_11_1874
=245  00$aVersailles /$cEncyclopedie Par L'Image
=264  \1$a[Place of publication not identified] :$bLibrairie Hachette,$c1925
=300  \\$avolume
=336  \\$atext$btxt$2rdacontent
=337  \\$aunmediated$bn$2rdamedia
=338  \\$avolume$bnc$2rdacarrier
=500  \\$aTitle on spreadsheet: "Versailles"
=590  \\$aHorward Collection$9LOCAL
=710  2\$aEncyclopedie Par L'Image
=936  1\$aHorward, Donald D.,$edonor$9LOCAL

