=LDR  00702nam a2200205Mi 4500
=008  \\\\\\s1908\\\\xx\\\\\\\\\\\\000\0\\\\\d
=040  \\$aFDA$beng$cFDA
=035  \\$a(FSUSCA)Horward_Row_2_Section_3_438
=245  00$aVers La Beresina (1812) /$cGeneral Major B. R. F. Van Vlijmen
=250  \\$a6th
=264  \1$a[Place of publication not identified] :$bLibrairie Plon,$c1908
=300  \\$avolume
=336  \\$atext$btxt$2rdacontent
=337  \\$aunmediated$bn$2rdamedia
=338  \\$avolume$bnc$2rdacarrier
=500  \\$aTitle on spreadsheet: "Vers La Beresina (1812)"
=500  \\$aCustom binding.
=590  \\$aHorward Collection$9LOCAL
=700  1\$aVan Vlijmen, B. R. F.
=936  1\$aHorward, Donald D.,$edonor$9LOCAL

