=LDR  00671nam a2200205Mi 4500
=008  \\\\\\s1888\\\\xx\\\\\\\\\\\\000\0\\\\\d
=040  \\$aFDA$beng$cFDA
=035  \\$a(FSUSCA)Horward_Row_4_Section_8_2641
=245  00$aVie du General Hoche /$cDutemple and Launay
=264  \1$a[Place of publication not identified] :$bCharles Bayle,$c1888
=300  \\$avolume
=336  \\$atext$btxt$2rdacontent
=337  \\$aunmediated$bn$2rdamedia
=338  \\$avolume$bnc$2rdacarrier
=500  \\$aTitle on spreadsheet: "Vie du General Hoche"
=500  \\$aCustom binding.
=590  \\$aHorward Collection$9LOCAL
=700  1\$aDutemple
=700  1\$aLaunay
=936  1\$aHorward, Donald D.,$edonor$9LOCAL

