=LDR  00687nam a2200205Mi 4500
=008  \\\\\\s1924\\\\xx\\\\\\\\\\\\000\0\\\\\d
=040  \\$aFDA$beng$cFDA
=035  \\$a(FSUSCA)Horward_Row_4_Section_6_2213
=245  00$aVieilles Maisons, Vieux Papiers /$cG. Lenotre
=250  \\$aSecond
=264  \1$a[Place of publication not identified] :$bPerrin et Cie,$c1924
=300  \\$avolume
=336  \\$atext$btxt$2rdacontent
=337  \\$aunmediated$bn$2rdamedia
=338  \\$avolume$bnc$2rdacarrier
=500  \\$aTitle on spreadsheet: "Vieilles Maisons, Vieux Papiers"
=500  \\$aCustom binding.
=590  \\$aHorward Collection$9LOCAL
=700  1\$aLenotre, G.
=936  1\$aHorward, Donald D.,$edonor$9LOCAL

