=LDR  00649nam a2200181Mi 4500
=008  \\\\\\s1900\\\\xx\\\\\\\\\\\\000\0\\\\\d
=040  \\$aFDA$beng$cFDA
=035  \\$a(FSUSCA)Horward_Row_2_Section_7_1129
=245  00$aVie Militaire Du General Foy /$cMaurice Girod de l'Ain
=264  \1$a[Place of publication not identified] :$bLibrary Plon,$c1900
=300  \\$avolume
=336  \\$atext$btxt$2rdacontent
=337  \\$aunmediated$bn$2rdamedia
=338  \\$avolume$bnc$2rdacarrier
=500  \\$aTitle on spreadsheet: "Vie Militaire Du General Foy"
=590  \\$aHorward Collection$9LOCAL
=700  1\$aGirod de l'Ain, Maurice
=936  1\$aHorward, Donald D.,$edonor$9LOCAL

