=LDR  00613nam a2200193Mi 4500
=008  \\\\\\s1902\\\\xx\\\\\\\\\\\\000\0\\\\\d
=040  \\$aFDA$beng$cFDA
=035  \\$a(FSUSCA)Horward_Row_2_Section_7_1167
=245  00$aVol 2$nVol 2 /$cWartenburg
=264  \1$a[Place of publication not identified] :$bMajor Walter James,$c1902
=300  \\$avolume
=336  \\$atext$btxt$2rdacontent
=337  \\$aunmediated$bn$2rdamedia
=338  \\$avolume$bnc$2rdacarrier
=500  \\$aTitle on spreadsheet: "Vol 2"
=500  \\$aVol 2
=590  \\$aHorward Collection$9LOCAL
=700  1\$aWartenburg
=936  1\$aHorward, Donald D.,$edonor$9LOCAL

