=LDR  00676nam a2200193Mi 4500
=008  \\\\\\s1961\\\\xx\\\\\\\\\\\\000\0\\\\\d
=040  \\$aFDA$beng$cFDA
=035  \\$a(FSUSCA)Horward_Row_2_Section_10_1782
=245  00$aVoltaire and the Calas Case /$cEdna Nixon
=264  \1$a[Place of publication not identified] :$bVanguard Press, Inc.,$c1961
=300  \\$avolume
=336  \\$atext$btxt$2rdacontent
=337  \\$aunmediated$bn$2rdamedia
=338  \\$avolume$bnc$2rdacarrier
=500  \\$aTitle on spreadsheet: "Voltaire and the Calas Case"
=500  \\$aVoltaire and the Calas Case
=590  \\$aHorward Collection$9LOCAL
=700  1\$aNixon, Edna
=936  1\$aHorward, Donald D.,$edonor$9LOCAL

