=LDR  00626nam a2200193Mi 4500
=008  \\\\\\s1939\\\\xx\\\\\\\\\\\\000\0\\\\\d
=040  \\$aFDA$beng$cFDA
=035  \\$a(FSUSCA)Horward_Row_2_Section_3_442
=245  00$aVues Politiques /$cNapoleon
=264  \1$a[Place of publication not identified] :$bAmeric = Edit,$c1939
=300  \\$avolume
=336  \\$atext$btxt$2rdacontent
=337  \\$aunmediated$bn$2rdamedia
=338  \\$avolume$bnc$2rdacarrier
=500  \\$aTitle on spreadsheet: "Vues Politiques"
=500  \\$aCustom binding.
=590  \\$aHorward Collection$9LOCAL
=700  1\$aNapoleon
=936  1\$aHorward, Donald D.,$edonor$9LOCAL

