=LDR  00730nam a2200193Mi 4500
=008  \\\\\\s2004\\\\xx\\\\\\\\\\\\000\0\\\\\d
=040  \\$aFDA$beng$cFDA
=035  \\$a(FSUSCA)Horward_Row_4_Section_7_2553
=245  00$aWalks Through Napoleon and Josephine's Paris /$cDiana Reid Haig
=264  \1$a[Place of publication not identified] :$bThe Little Bookworm,$c2004
=300  \\$avolume
=336  \\$atext$btxt$2rdacontent
=337  \\$aunmediated$bn$2rdamedia
=338  \\$avolume$bnc$2rdacarrier
=500  \\$aTitle on spreadsheet: "Walks Through Napoleon and Josephine's Paris"
=500  \\$aSigned and sealed envelope from author.
=590  \\$aHorward Collection$9LOCAL
=700  1\$aHaig, Diana Reid
=936  1\$aHorward, Donald D.,$edonor$9LOCAL

