=LDR  00613nam a2200181Mi 4500
=008  \\\\\\s1959\\\\xx\\\\\\\\\\\\000\0\\\\\d
=040  \\$aFDA$beng$cFDA
=035  \\$a(FSUSCA)Horward_Row_4_Section_5_2107
=245  00$aWar in the Modern World /$cTheodore Ropp
=264  \1$a[Place of publication not identified] :$bDuke,$c1959
=300  \\$avolume
=336  \\$atext$btxt$2rdacontent
=337  \\$aunmediated$bn$2rdamedia
=338  \\$avolume$bnc$2rdacarrier
=500  \\$aTitle on spreadsheet: "War in the Modern World"
=590  \\$aHorward Collection$9LOCAL
=700  1\$aRopp, Theodore
=936  1\$aHorward, Donald D.,$edonor$9LOCAL

