=LDR  00699nam a2200205Mi 4500
=008  \\\\\\s2008\\\\xx\\\\\\\\\\\\000\0\\\\\d
=040  \\$aFDA$beng$cFDA
=035  \\$a(FSUSCA)Horward_Row_2_Section_10_1785
=245  00$aWars Against Napoleon /$cMichel Francheschi and Ben Weider
=264  \1$a[Place of publication not identified] :$bSavas Beatie,$c2008
=300  \\$avolume
=336  \\$atext$btxt$2rdacontent
=337  \\$aunmediated$bn$2rdamedia
=338  \\$avolume$bnc$2rdacarrier
=500  \\$aTitle on spreadsheet: "The Wars Against Napoleon"
=500  \\$aSigned.
=590  \\$aHorward Collection$9LOCAL
=700  1\$aFrancheschi, Michel
=700  1\$aWeider, Ben
=936  1\$aHorward, Donald D.,$edonor$9LOCAL

