=LDR  00641nam a2200193Mi 4500
=008  \\\\\\s1995\\\\xx\\\\\\\\\\\\000\0\\\\\d
=040  \\$aFDA$beng$cFDA
=035  \\$a(FSUSCA)Horward_Row_2_Section_11_2016
=245  00$aWars of Napoleon /$cCharles J. Esdaile
=264  \1$a[Place of publication not identified] :$bLongman,$c1995
=300  \\$avolume
=336  \\$atext$btxt$2rdacontent
=337  \\$aunmediated$bn$2rdamedia
=338  \\$avolume$bnc$2rdacarrier
=500  \\$aTitle on spreadsheet: "The Wars of Napoleon"
=500  \\$aSigned.
=590  \\$aHorward Collection$9LOCAL
=700  1\$aEsdaile, Charles J.
=936  1\$aHorward, Donald D.,$edonor$9LOCAL

