=LDR  00684nam a2200181Mi 4500
=008  \\\\\\s1974\\\\xx\\\\\\\\\\\\000\0\\\\\d
=040  \\$aFDA$beng$cFDA
=035  \\$a(FSUSCA)Horward_Row_2_Section_8_1291
=245  00$aWar to the Death, The Sieges of Saragossa 1808-1809 /$cRaymond Rudorff
=264  \1$a[Place of publication not identified] :$bHamish Hamilton,$c1974
=300  \\$avolume
=336  \\$atext$btxt$2rdacontent
=337  \\$aunmediated$bn$2rdamedia
=338  \\$avolume$bnc$2rdacarrier
=500  \\$aTitle on spreadsheet: "War to the Death: The Sieges of Saragossa 1808-1809"
=590  \\$aHorward Collection$9LOCAL
=700  1\$aRudorff, Raymond
=936  1\$aHorward, Donald D.,$edonor$9LOCAL

