=LDR  00644nam a2200193Mi 4500
=008  \\\\\\suuuu\\\\xx\\\\\\\\\\\\000\0\\\\\d
=040  \\$aFDA$beng$cFDA
=035  \\$a(FSUSCA)Horward_Row_2_Section_6_931
=245  00$aWaterloo /$cFr. Libert
=250  \\$a10th edition
=264  \1$a[Place of publication not identified] :$bMarcel Rayez,$c[date of publication not identified]
=300  \\$avolume
=336  \\$atext$btxt$2rdacontent
=337  \\$aunmediated$bn$2rdamedia
=338  \\$avolume$bnc$2rdacarrier
=500  \\$aTitle on spreadsheet: "Waterloo"
=590  \\$aHorward Collection$9LOCAL
=700  1\$aFr. Libert
=936  1\$aHorward, Donald D.,$edonor$9LOCAL

