=LDR  00685nam a2200193Mi 4500
=008  \\\\\\s1900\\\\xx\\\\\\\\\\\\000\0\\\\\d
=040  \\$aFDA$beng$cFDA
=035  \\$a(FSUSCA)Horward_Row_4_Section_7_2378
=245  00$aWaterloo, A Narrative and a Criticism /$cE. L. S. Horsburgh
=250  \\$aSecond
=264  \1$a[Place of publication not identified] :$bMethuen and Co.,$c1900
=300  \\$avolume
=336  \\$atext$btxt$2rdacontent
=337  \\$aunmediated$bn$2rdamedia
=338  \\$avolume$bnc$2rdacarrier
=500  \\$aTitle on spreadsheet: "Waterloo: A Narrative and a Criticism"
=590  \\$aHorward Collection$9LOCAL
=700  1\$aHorsburgh, E. L. S.
=936  1\$aHorward, Donald D.,$edonor$9LOCAL

