=LDR  00622nam a2200181Mi 4500
=008  \\\\\\s1968\\\\xx\\\\\\\\\\\\000\0\\\\\d
=040  \\$aFDA$beng$cFDA
=035  \\$a(FSUSCA)Horward_Row_2_Section_9_1579
=245  00$aWaterloo, Day of Battle /$cDavid Howarth
=264  \1$a[Place of publication not identified] :$bGalahad Books,$c1968
=300  \\$avolume
=336  \\$atext$btxt$2rdacontent
=337  \\$aunmediated$bn$2rdamedia
=338  \\$avolume$bnc$2rdacarrier
=500  \\$aTitle on spreadsheet: "Waterloo: Day of Battle"
=590  \\$aHorward Collection$9LOCAL
=700  1\$aHowarth, David
=936  1\$aHorward, Donald D.,$edonor$9LOCAL

