=LDR  00650nam a2200181Mi 4500
=008  \\\\\\s1985\\\\xx\\\\\\\\\\\\000\0\\\\\d
=040  \\$aFDA$beng$cFDA
=035  \\$a(FSUSCA)Horward_Row_2_Section_2_354
=245  00$aWaterloo, La Fin d'un Monde /$cCommandant Henry Lachouque
=264  \1$a[Place of publication not identified] :$bCharles-Lavauzelle,$c1985
=300  \\$avolume
=336  \\$atext$btxt$2rdacontent
=337  \\$aunmediated$bn$2rdamedia
=338  \\$avolume$bnc$2rdacarrier
=500  \\$aTitle on spreadsheet: "Waterloo: La Fin d'un Monde "
=590  \\$aHorward Collection$9LOCAL
=700  1\$aLachouque, Henry
=936  1\$aHorward, Donald D.,$edonor$9LOCAL

