=LDR  00705nam a2200181Mi 4500
=008  \\\\\\s1974\\\\xx\\\\\\\\\\\\000\0\\\\\d
=040  \\$aFDA$beng$cFDA
=035  \\$a(FSUSCA)Horward_Row_2_Section_10_1700
=245  00$aWaterloo, The 18th of June 1815 /$cThe Caillou Museum
=264  \1$a[Place of publication not identified] :$bService for Historic and Folkloric Research of the Province of Brabant,$c1974
=300  \\$avolume
=336  \\$atext$btxt$2rdacontent
=337  \\$aunmediated$bn$2rdamedia
=338  \\$avolume$bnc$2rdacarrier
=500  \\$aTitle on spreadsheet: "Waterloo: The 18th of June 1815"
=590  \\$aHorward Collection$9LOCAL
=710  2\$aThe Caillou Museum
=936  1\$aHorward, Donald D.,$edonor$9LOCAL

