=LDR  00612nam a2200181Mi 4500
=008  \\\\\\s2001\\\\xx\\\\\\\\\\\\000\0\\\\\d
=040  \\$aFDA$beng$cFDA
=035  \\$a(FSUSCA)Horward_Row_2_Section_8_1419
=245  00$aWaterloo Companion /$cMark Adkin
=264  \1$a[Place of publication not identified] :$bStackpole Books,$c2001
=300  \\$avolume
=336  \\$atext$btxt$2rdacontent
=337  \\$aunmediated$bn$2rdamedia
=338  \\$avolume$bnc$2rdacarrier
=500  \\$aTitle on spreadsheet: "The Waterloo Companion"
=590  \\$aHorward Collection$9LOCAL
=700  1\$aAdkin, Mark
=936  1\$aHorward, Donald D.,$edonor$9LOCAL

