=LDR  00642nam a2200193Mi 4500
=008  \\\\\\s1903\\\\xx\\\\\\\\\\\\000\0\\\\\d
=040  \\$aFDA$beng$cFDA
=035  \\$a(FSUSCA)Horward_Row_2_Section_3_501
=245  00$aWaterloo Illustre /$cLeon Van Neck
=264  \1$a[Place of publication not identified] :$bOscar Lamberty,$c1903
=300  \\$avolume
=336  \\$atext$btxt$2rdacontent
=337  \\$aunmediated$bn$2rdamedia
=338  \\$avolume$bnc$2rdacarrier
=500  \\$aTitle on spreadsheet: "Waterloo Illustre"
=500  \\$aCustom binding.
=590  \\$aHorward Collection$9LOCAL
=700  1\$aVan Neck, Leon
=936  1\$aHorward, Donald D.,$edonor$9LOCAL

