=LDR  00695nam a2200181Mi 4500
=008  \\\\\\s1874\\\\xx\\\\\\\\\\\\000\0\\\\\d
=040  \\$aFDA$beng$cFDA
=035  \\$a(FSUSCA)Horward_Row_2_Section_6_896
=245  00$aWaterloo Lectures, A Study of the Campaign of 1815 /$cCharles C. Chesney
=264  \1$a[Place of publication not identified] :$bLongmans, Green and Co.,$c1874
=300  \\$avolume
=336  \\$atext$btxt$2rdacontent
=337  \\$aunmediated$bn$2rdamedia
=338  \\$avolume$bnc$2rdacarrier
=500  \\$aTitle on spreadsheet: "Waterloo Lectures: A Study of the Campaign of 1815"
=590  \\$aHorward Collection$9LOCAL
=700  1\$aChesney, Charles C.
=936  1\$aHorward, Donald D.,$edonor$9LOCAL

