=LDR  00680nam a2200181Mi 4500
=008  \\\\\\s2001\\\\xx\\\\\\\\\\\\000\0\\\\\d
=040  \\$aFDA$beng$cFDA
=035  \\$a(FSUSCA)Horward_Row_2_Section_6_930
=245  00$aWaterloo Original Accounts Siborne Collection /$cBritish Library
=264  \1$a[Place of publication not identified] :$bAdam Matthew Publications,$c2001
=300  \\$avolume
=336  \\$atext$btxt$2rdacontent
=337  \\$aunmediated$bn$2rdamedia
=338  \\$avolume$bnc$2rdacarrier
=500  \\$aTitle on spreadsheet: "Waterloo Original Accounts Siborne Collection"
=590  \\$aHorward Collection$9LOCAL
=710  2\$aBritish Library
=936  1\$aHorward, Donald D.,$edonor$9LOCAL

