=LDR  00665nam a2200193Mi 4500
=008  \\\\\\s1981\\\\xx\\\\\\\\\\\\000\0\\\\\d
=040  \\$aFDA$beng$cFDA
=035  \\$a(FSUSCA)Horward_Row_2_Section_9_1524
=245  00$aWellesley Affair /$cJohn Kenneth Severn
=264  \1$a[Place of publication not identified] :$bUniversity Press of Florida,$c1981
=300  \\$avolume
=336  \\$atext$btxt$2rdacontent
=337  \\$aunmediated$bn$2rdamedia
=338  \\$avolume$bnc$2rdacarrier
=500  \\$aTitle on spreadsheet: "A Wellesley Affair"
=500  \\$aAutographed.
=590  \\$aHorward Collection$9LOCAL
=700  1\$aSevern, John Kenneth
=936  1\$aHorward, Donald D.,$edonor$9LOCAL

