=LDR  00621nam a2200181Mi 4500
=008  \\\\\\s1925\\\\xx\\\\\\\\\\\\000\0\\\\\d
=040  \\$aFDA$beng$cFDA
=035  \\$a(FSUSCA)Horward_Row_2_Section_8_1412
=245  00$aWellington /$cJohn Fortescue, LL.D.Litt
=264  \1$a[Place of publication not identified] :$bWilliams and Norgate LTD,$c1925
=300  \\$avolume
=336  \\$atext$btxt$2rdacontent
=337  \\$aunmediated$bn$2rdamedia
=338  \\$avolume$bnc$2rdacarrier
=500  \\$aTitle on spreadsheet: "Wellington "
=590  \\$aHorward Collection$9LOCAL
=700  1\$aFortescue, John
=936  1\$aHorward, Donald D.,$edonor$9LOCAL

