=LDR  00601nam a2200181Mi 4500
=008  \\\\\\s1990\\\\xx\\\\\\\\\\\\000\0\\\\\d
=040  \\$aFDA$beng$cFDA
=035  \\$a(FSUSCA)Horward_Row_2_Section_9_1565
=245  00$aWellington /$cNorman Gash
=264  \1$a[Place of publication not identified] :$bManchester University,$c1990
=300  \\$avolume
=336  \\$atext$btxt$2rdacontent
=337  \\$aunmediated$bn$2rdamedia
=338  \\$avolume$bnc$2rdacarrier
=500  \\$aTitle on spreadsheet: "Wellington "
=590  \\$aHorward Collection$9LOCAL
=700  1\$aGash, Norman
=936  1\$aHorward, Donald D.,$edonor$9LOCAL

