=LDR  00605nam a2200181Mi 4500
=008  \\\\\\s1931\\\\xx\\\\\\\\\\\\000\0\\\\\d
=040  \\$aFDA$beng$cFDA
=035  \\$a(FSUSCA)Horward_Row_4_Section_6_2212
=245  00$aWellington /$cPhilip Guedalla
=264  \1$a[Place of publication not identified] :$bThe Literary Guild,$c1931
=300  \\$avolume
=336  \\$atext$btxt$2rdacontent
=337  \\$aunmediated$bn$2rdamedia
=338  \\$avolume$bnc$2rdacarrier
=500  \\$aTitle on spreadsheet: "Wellington"
=590  \\$aHorward Collection$9LOCAL
=700  1\$aGuedalla, Philip
=936  1\$aHorward, Donald D.,$edonor$9LOCAL

