=LDR  00658nam a2200205Mi 4500
=008  \\\\\\s1945\\\\xx\\\\\\\\\\\\000\0\\\\\d
=040  \\$aFDA$beng$cFDA
=035  \\$a(FSUSCA)Horward_Row_4_Section_8_2597
=245  00$aWellington /$cChastenet
=250  \\$a26th Edition
=264  \1$a[Place of publication not identified] :$bLibrarie Artheme Fayard,$c1945
=300  \\$avolume
=336  \\$atext$btxt$2rdacontent
=337  \\$aunmediated$bn$2rdamedia
=338  \\$avolume$bnc$2rdacarrier
=500  \\$aTitle on spreadsheet: "Wellington"
=500  \\$aCustom binding.
=590  \\$aHorward Collection$9LOCAL
=700  1\$aChastenet
=936  1\$aHorward, Donald D.,$edonor$9LOCAL

