=LDR  00832nam a2200181Mi 4500
=008  \\\\\\s1970\\\\xx\\\\\\\\\\\\000\0\\\\\d
=040  \\$aFDA$beng$cFDA
=035  \\$a(FSUSCA)Horward_Row_4_Section_7_2452
=245  00$aWellington, A Summary of the Career of the 1st Duke of Wellington and an Account of Apsley House and its Contents /$cViscount Montgomery et al.
=264  \1$a[Place of publication not identified] :$bEnglish Life Publications,$c1970
=300  \\$avolume
=336  \\$atext$btxt$2rdacontent
=337  \\$aunmediated$bn$2rdamedia
=338  \\$avolume$bnc$2rdacarrier
=500  \\$aTitle on spreadsheet: "Wellington: A Summary of the Career of the 1st Duke of Wellington and an Account of Apsley House and its Contents"
=590  \\$aHorward Collection$9LOCAL
=700  1\$aViscount Montgomery
=936  1\$aHorward, Donald D.,$edonor$9LOCAL

