=LDR  00720nam a2200181Mi 4500
=008  \\\\\\s1925\\\\xx\\\\\\\\\\\\000\0\\\\\d
=040  \\$aFDA$beng$cFDA
=035  \\$a(FSUSCA)Horward_Row_2_Section_11_1976
=245  00$aWellington, The Crossing of the Gaves amd the Battle of Orthez /$cMajor-General F. C. Beatson
=264  \1$a[Place of publication not identified] :$bHeath Cranton Ltd.,$c1925
=300  \\$avolume
=336  \\$atext$btxt$2rdacontent
=337  \\$aunmediated$bn$2rdamedia
=338  \\$avolume$bnc$2rdacarrier
=500  \\$aTitle on spreadsheet: "Wellington: The Crossing of the Gaves amd the Battle of Orthez"
=590  \\$aHorward Collection$9LOCAL
=700  1\$aBeatson, F. C.
=936  1\$aHorward, Donald D.,$edonor$9LOCAL

