=LDR  00651nam a2200181Mi 4500
=008  \\\\\\s2007\\\\xx\\\\\\\\\\\\000\0\\\\\d
=040  \\$aFDA$beng$cFDA
=035  \\$a(FSUSCA)Horward_Row_2_Section_6_918
=245  00$aWellington, The Iron Duke /$cPhilip Haythornthwaite
=264  \1$a[Place of publication not identified] :$bPotomac's Books, Inc.,$c2007
=300  \\$avolume
=336  \\$atext$btxt$2rdacontent
=337  \\$aunmediated$bn$2rdamedia
=338  \\$avolume$bnc$2rdacarrier
=500  \\$aTitle on spreadsheet: "Wellington: The Iron Duke"
=590  \\$aHorward Collection$9LOCAL
=700  1\$aHaythornthwaite, Philip
=936  1\$aHorward, Donald D.,$edonor$9LOCAL

