=LDR  00665nam a2200181Mi 4500
=008  \\\\\\s1969\\\\xx\\\\\\\\\\\\000\0\\\\\d
=040  \\$aFDA$beng$cFDA
=035  \\$a(FSUSCA)Horward_Row_2_Section_6_892
=245  00$aWellington, the Years of the Sword /$cElizabeth Longford
=264  \1$a[Place of publication not identified] :$bHarper and Row Publishers,$c1969
=300  \\$avolume
=336  \\$atext$btxt$2rdacontent
=337  \\$aunmediated$bn$2rdamedia
=338  \\$avolume$bnc$2rdacarrier
=500  \\$aTitle on spreadsheet: "Wellington: the Years of the Sword"
=590  \\$aHorward Collection$9LOCAL
=700  1\$aLongford, Elizabeth
=936  1\$aHorward, Donald D.,$edonor$9LOCAL

