=LDR  00642nam a2200181Mi 4500
=008  \\\\\\s1968\\\\xx\\\\\\\\\\\\000\0\\\\\d
=040  \\$aFDA$beng$cFDA
=035  \\$a(FSUSCA)Horward_Row_4_Section_6_2313
=245  00$aWellington's Army (1809-1814) /$cC. W. C. Oman
=264  \1$a[Place of publication not identified] :$bFrancis Edwards, Ltd.,$c1968
=300  \\$avolume
=336  \\$atext$btxt$2rdacontent
=337  \\$aunmediated$bn$2rdamedia
=338  \\$avolume$bnc$2rdacarrier
=500  \\$aTitle on spreadsheet: "Wellington's Army (1809-1814)"
=590  \\$aHorward Collection$9LOCAL
=700  1\$aOman, C. W. C.
=936  1\$aHorward, Donald D.,$edonor$9LOCAL

