=LDR  00674nam a2200181Mi 4500
=008  \\\\\\s1977\\\\xx\\\\\\\\\\\\000\0\\\\\d
=040  \\$aFDA$beng$cFDA
=035  \\$a(FSUSCA)Horward_Row_2_Section_8_1361
=245  00$aWellington's Army In the Peninsula 1808-1814 /$cMichael Glover
=264  \1$a[Place of publication not identified] :$bHippocrene Books, Inc,$c1977
=300  \\$avolume
=336  \\$atext$btxt$2rdacontent
=337  \\$aunmediated$bn$2rdamedia
=338  \\$avolume$bnc$2rdacarrier
=500  \\$aTitle on spreadsheet: "Wellington's Army In the Peninsula 1808-1814"
=590  \\$aHorward Collection$9LOCAL
=700  1\$aGlover, Michael
=936  1\$aHorward, Donald D.,$edonor$9LOCAL

