=LDR  00654nam a2200181Mi 4500
=008  \\\\\\s1910\\\\xx\\\\\\\\\\\\000\0\\\\\d
=040  \\$aFDA$beng$cFDA
=035  \\$a(FSUSCA)Horward_Row_2_Section_9_1513
=245  00$aWellington's Battlefields Illustrated Bussaco /$cChambers
=264  \1$a[Place of publication not identified] :$bSonnenschein,$c1910
=300  \\$avolume
=336  \\$atext$btxt$2rdacontent
=337  \\$aunmediated$bn$2rdamedia
=338  \\$avolume$bnc$2rdacarrier
=500  \\$aTitle on spreadsheet: "Wellington's Battlefields Illustrated Bussaco"
=590  \\$aHorward Collection$9LOCAL
=700  1\$aChambers
=936  1\$aHorward, Donald D.,$edonor$9LOCAL

