=LDR  00743nam a2200193Mi 4500
=008  \\\\\\s1914\\\\xx\\\\\\\\\\\\000\0\\\\\d
=040  \\$aFDA$beng$cFDA
=035  \\$a(FSUSCA)Horward_Row_4_Section_6_2170
=245  00$aWellington's Campaigns, Peninsula-Waterloo, 1808-1815$nPart I /$cC. W. Robinson
=264  \1$a[Place of publication not identified] :$bHugh Rees,$c1914
=300  \\$avolume
=336  \\$atext$btxt$2rdacontent
=337  \\$aunmediated$bn$2rdamedia
=338  \\$avolume$bnc$2rdacarrier
=500  \\$aTitle on spreadsheet: "Wellington's Campaigns: Peninsula-Waterloo, 1808-1815, Part I: Roleia to Albuhera"
=500  \\$aLoose map.
=590  \\$aHorward Collection$9LOCAL
=700  1\$aRobinson, C. W.
=936  1\$aHorward, Donald D.,$edonor$9LOCAL

