=LDR  00771nam a2200181Mi 4500
=008  \\\\\\s1957\\\\xx\\\\\\\\\\\\000\0\\\\\d
=040  \\$aFDA$beng$cFDA
=035  \\$a(FSUSCA)Horward_Row_2_Section_11_1980
=245  00$aWellington's Headquarters, A Study of the Administrative Problems in the Peninsula 1809-1814 /$cS. G. P. Ward
=264  \1$a[Place of publication not identified] :$bOxford University Press,$c1957
=300  \\$avolume
=336  \\$atext$btxt$2rdacontent
=337  \\$aunmediated$bn$2rdamedia
=338  \\$avolume$bnc$2rdacarrier
=500  \\$aTitle on spreadsheet: "Wellington's Headquarters: A Study of the Administrative Problems in the Peninsula 1809-1814"
=590  \\$aHorward Collection$9LOCAL
=700  1\$aWard, S. G. P.
=936  1\$aHorward, Donald D.,$edonor$9LOCAL

