=LDR  00685nam a2200193Mi 4500
=008  \\\\\\s1973\\\\xx\\\\\\\\\\\\000\0\\\\\d
=040  \\$aFDA$beng$cFDA
=035  \\$a(FSUSCA)Horward_Row_2_Section_10_1721
=245  00$aWellington's Masterpiece /$cJ. P. Lawford and Peter Young
=264  \1$a[Place of publication not identified] :$bGeorge Allen and Unwin, Ltd.,$c1973
=300  \\$avolume
=336  \\$atext$btxt$2rdacontent
=337  \\$aunmediated$bn$2rdamedia
=338  \\$avolume$bnc$2rdacarrier
=500  \\$aTitle on spreadsheet: "Wellington's Masterpiece"
=590  \\$aHorward Collection$9LOCAL
=700  1\$aLawford, J. P.
=700  1\$aYoung, Peter
=936  1\$aHorward, Donald D.,$edonor$9LOCAL

