=LDR  00641nam a2200181Mi 4500
=008  \\\\\\s2004\\\\xx\\\\\\\\\\\\000\0\\\\\d
=040  \\$aFDA$beng$cFDA
=035  \\$a(FSUSCA)Horward_Row_2_Section_6_932
=245  00$aWellington's Smallest Victory /$cPeter Hofschroer
=264  \1$a[Place of publication not identified] :$bFaber and Faber,$c2004
=300  \\$avolume
=336  \\$atext$btxt$2rdacontent
=337  \\$aunmediated$bn$2rdamedia
=338  \\$avolume$bnc$2rdacarrier
=500  \\$aTitle on spreadsheet: "Wellington's Smallest Victory"
=590  \\$aHorward Collection$9LOCAL
=700  1\$aHofschroer, Peter
=936  1\$aHorward, Donald D.,$edonor$9LOCAL

