=LDR  00689nam a2200181Mi 4500
=008  \\\\\\s1974\\\\xx\\\\\\\\\\\\000\0\\\\\d
=040  \\$aFDA$beng$cFDA
=035  \\$a(FSUSCA)Horward_Row_2_Section_11_1984
=245  00$aWellington's Surgeon General, Sir James McGrigor /$cRichard L. Blanco
=264  \1$a[Place of publication not identified] :$bDuke University Press,$c1974
=300  \\$avolume
=336  \\$atext$btxt$2rdacontent
=337  \\$aunmediated$bn$2rdamedia
=338  \\$avolume$bnc$2rdacarrier
=500  \\$aTitle on spreadsheet: "Wellington's Surgeon General: Sir James McGrigor"
=590  \\$aHorward Collection$9LOCAL
=700  1\$aBlanco, Richard L.
=936  1\$aHorward, Donald D.,$edonor$9LOCAL

