=LDR  00666nam a2200193Mi 4500
=008  \\\\\\s1986\\\\xx\\\\\\\\\\\\000\0\\\\\d
=040  \\$aFDA$beng$cFDA
=035  \\$a(FSUSCA)Horward_Row_2_Section_6_904
=245  00$aWellington After Waterloo /$cNeville Thompson
=264  \1$a[Place of publication not identified] :$bRoutledge and Kegan Paul,$c1986
=300  \\$avolume
=336  \\$atext$btxt$2rdacontent
=337  \\$aunmediated$bn$2rdamedia
=338  \\$avolume$bnc$2rdacarrier
=500  \\$aTitle on spreadsheet: "Wellington After Waterloo"
=500  \\$aSigned.
=590  \\$aHorward Collection$9LOCAL
=700  1\$aThompson, Neville
=936  1\$aHorward, Donald D.,$edonor$9LOCAL

