=LDR  00627nam a2200181Mi 4500
=008  \\\\\\s1954\\\\xx\\\\\\\\\\\\000\0\\\\\d
=040  \\$aFDA$beng$cFDA
=035  \\$a(FSUSCA)Horward_Row_2_Section_10_1718
=245  00$aWellington and His Army /$cGodfrey Davies
=264  \1$a[Place of publication not identified] :$bBasil-Blackwell,$c1954
=300  \\$avolume
=336  \\$atext$btxt$2rdacontent
=337  \\$aunmediated$bn$2rdamedia
=338  \\$avolume$bnc$2rdacarrier
=500  \\$aTitle on spreadsheet: "Wellington and His Army"
=590  \\$aHorward Collection$9LOCAL
=700  1\$aDavies, Godfrey
=936  1\$aHorward, Donald D.,$edonor$9LOCAL

