=LDR  00637nam a2200181Mi 4500
=008  \\\\\\s1968\\\\xx\\\\\\\\\\\\000\0\\\\\d
=040  \\$aFDA$beng$cFDA
=035  \\$a(FSUSCA)Horward_Row_2_Section_9_1614
=245  00$aWellington as Military Commander /$cMichael Glover
=264  \1$a[Place of publication not identified] :$bBatsford,$c1968
=300  \\$avolume
=336  \\$atext$btxt$2rdacontent
=337  \\$aunmediated$bn$2rdamedia
=338  \\$avolume$bnc$2rdacarrier
=500  \\$aTitle on spreadsheet: "Wellington as Military Commander"
=590  \\$aHorward Collection$9LOCAL
=700  1\$aGlover, Michael
=936  1\$aHorward, Donald D.,$edonor$9LOCAL

