=LDR  00646nam a2200181Mi 4500
=008  \\\\\\s1961\\\\xx\\\\\\\\\\\\000\0\\\\\d
=040  \\$aFDA$beng$cFDA
=035  \\$a(FSUSCA)Horward_Row_4_Section_6_2204
=245  00$aWellington at War, 1794-1815 /$cAntony Brett-James
=264  \1$a[Place of publication not identified] :$bMacmillan and Co.,$c1961
=300  \\$avolume
=336  \\$atext$btxt$2rdacontent
=337  \\$aunmediated$bn$2rdamedia
=338  \\$avolume$bnc$2rdacarrier
=500  \\$aTitle on spreadsheet: "Wellington at War: 1794-1815"
=590  \\$aHorward Collection$9LOCAL
=700  1\$aBrett-James, Antony
=936  1\$aHorward, Donald D.,$edonor$9LOCAL

