=LDR  00717nam a2200193Mi 4500
=008  \\\\\\s1914\\\\xx\\\\\\\\\\\\000\0\\\\\d
=040  \\$aFDA$beng$cFDA
=035  \\$a(FSUSCA)Horward_Row_2_Section_9_1567
=245  00$aWellington Campaigns also Moore's Campaign of Corunna$nPart 2 /$cC. W. Robinson C.B
=250  \\$a5th Edition
=264  \1$a[Place of publication not identified] :$bLondon,$c1914
=300  \\$avolume
=336  \\$atext$btxt$2rdacontent
=337  \\$aunmediated$bn$2rdamedia
=338  \\$avolume$bnc$2rdacarrier
=500  \\$aTitle on spreadsheet: "Wellington Campaigns also Moore's Campaign of Corunna"
=590  \\$aHorward Collection$9LOCAL
=700  1\$aRobinson, C. W.
=936  1\$aHorward, Donald D.,$edonor$9LOCAL

