=LDR  00733nam a2200181Mi 4500
=008  \\\\\\suuuu\\\\xx\\\\\\\\\\\\000\0\\\\\d
=040  \\$aFDA$beng$cFDA
=035  \\$a(FSUSCA)Horward_Row_2_Section_11_1939
=245  00$aWellington Commander, the Iron Duke's Generalship /$cPaddy Griffith, et. al
=264  \1$a[Place of publication not identified] :$bAntony Bird Publications Ltd.,$c[date of publication not identified]
=300  \\$avolume
=336  \\$atext$btxt$2rdacontent
=337  \\$aunmediated$bn$2rdamedia
=338  \\$avolume$bnc$2rdacarrier
=500  \\$aTitle on spreadsheet: "Wellington Commander: the Iron Duke's Generalship"
=590  \\$aHorward Collection$9LOCAL
=700  1\$aGriffith, Paddy
=936  1\$aHorward, Donald D.,$edonor$9LOCAL

