=LDR  00676nam a2200181Mi 4500
=008  \\\\\\s1962\\\\xx\\\\\\\\\\\\000\0\\\\\d
=040  \\$aFDA$beng$cFDA
=035  \\$a(FSUSCA)Horward_Row_4_Section_7_2547
=245  00$aWellington in the Peninsula, 1808-1814 /$cJac Weller
=264  \1$a[Place of publication not identified] :$bModern Literary Editions Publishing Company,$c1962
=300  \\$avolume
=336  \\$atext$btxt$2rdacontent
=337  \\$aunmediated$bn$2rdamedia
=338  \\$avolume$bnc$2rdacarrier
=500  \\$aTitle on spreadsheet: "Wellington in the Peninsula, 1808-1814"
=590  \\$aHorward Collection$9LOCAL
=700  1\$aWeller, Jac
=936  1\$aHorward, Donald D.,$edonor$9LOCAL

