=LDR  00631nam a2200181Mi 4500
=008  \\\\\\s1970\\\\xx\\\\\\\\\\\\000\0\\\\\d
=040  \\$aFDA$beng$cFDA
=035  \\$a(FSUSCA)Horward_Row_2_Section_10_1692
=245  00$aWellington Monument /$cJohn Physick
=264  \1$a[Place of publication not identified] :$bVictoria and Albert Museum,$c1970
=300  \\$avolume
=336  \\$atext$btxt$2rdacontent
=337  \\$aunmediated$bn$2rdamedia
=338  \\$avolume$bnc$2rdacarrier
=500  \\$aTitle on spreadsheet: "The Wellington Monument "
=590  \\$aHorward Collection$9LOCAL
=700  1\$aPhysick, John
=936  1\$aHorward, Donald D.,$edonor$9LOCAL

