=LDR  00606nam a2200181Mi 4500
=008  \\\\\\s1938\\\\xx\\\\\\\\\\\\000\0\\\\\d
=040  \\$aFDA$beng$cFDA
=035  \\$a(FSUSCA)Horward_Row_2_Section_9_1455
=245  00$aWellington Officers /$cDouglas Bell
=264  \1$a[Place of publication not identified] :$bCollins,$c1938
=300  \\$avolume
=336  \\$atext$btxt$2rdacontent
=337  \\$aunmediated$bn$2rdamedia
=338  \\$avolume$bnc$2rdacarrier
=500  \\$aTitle on spreadsheet: "Wellington Officers"
=590  \\$aHorward Collection$9LOCAL
=700  1\$aBell, Douglas
=936  1\$aHorward, Donald D.,$edonor$9LOCAL

