=LDR  00692nam a2200193Mi 4500
=008  \\\\\\s1972\\\\xx\\\\\\\\\\\\000\0\\\\\d
=040  \\$aFDA$beng$cFDA
=035  \\$a(FSUSCA)Horward_Row_2_Section_11_1890
=245  00$aWellington Pillar of State /$cElizabeth Longford
=264  \1$a[Place of publication not identified] :$bHarper and Row Publishers,$c1972
=300  \\$avolume
=336  \\$atext$btxt$2rdacontent
=337  \\$aunmediated$bn$2rdamedia
=338  \\$avolume$bnc$2rdacarrier
=500  \\$aTitle on spreadsheet: "Wellington Pillar of State "
=500  \\$aPrinted incorrectly(?).
=590  \\$aHorward Collection$9LOCAL
=700  1\$aLongford, Elizabeth
=936  1\$aHorward, Donald D.,$edonor$9LOCAL

