=LDR  00667nam a2200181Mi 4500
=008  \\\\\\s1954\\\\xx\\\\\\\\\\\\000\0\\\\\d
=040  \\$aFDA$beng$cFDA
=035  \\$a(FSUSCA)Horward_Row_2_Section_8_1385
=245  00$aWellington Plate Portuguese Service /$cCharles Oman
=264  \1$a[Place of publication not identified] :$bHer Majesty's Stationery Office,$c1954
=300  \\$avolume
=336  \\$atext$btxt$2rdacontent
=337  \\$aunmediated$bn$2rdamedia
=338  \\$avolume$bnc$2rdacarrier
=500  \\$aTitle on spreadsheet: "The Wellington Plate Portuguese Service "
=590  \\$aHorward Collection$9LOCAL
=700  1\$aOman, Charles
=936  1\$aHorward, Donald D.,$edonor$9LOCAL

