=LDR  00625nam a2200181Mi 4500
=008  \\\\\\s1962\\\\xx\\\\\\\\\\\\000\0\\\\\d
=040  \\$aFDA$beng$cFDA
=035  \\$a(FSUSCA)Horward_Row_2_Section_11_1827
=245  00$aWho Killed Napoelon /$cSten Forshufvud
=264  \1$a[Place of publication not identified] :$bHutchinson and Co.,$c1962
=300  \\$avolume
=336  \\$atext$btxt$2rdacontent
=337  \\$aunmediated$bn$2rdamedia
=338  \\$avolume$bnc$2rdacarrier
=500  \\$aTitle on spreadsheet: "Who Killed Napoelon "
=590  \\$aHorward Collection$9LOCAL
=700  1\$aForshufvud, Sten
=936  1\$aHorward, Donald D.,$edonor$9LOCAL

