=LDR  00671nam a2200181Mi 4500
=008  \\\\\\s1998\\\\xx\\\\\\\\\\\\000\0\\\\\d
=040  \\$aFDA$beng$cFDA
=035  \\$a(FSUSCA)Horward_Row_2_Section_8_1398
=245  00$aWho Was Who in the Napoleonic Wars /$cPhilip J. Haythornthwatte
=264  \1$a[Place of publication not identified] :$bArms and Armour,$c1998
=300  \\$avolume
=336  \\$atext$btxt$2rdacontent
=337  \\$aunmediated$bn$2rdamedia
=338  \\$avolume$bnc$2rdacarrier
=500  \\$aTitle on spreadsheet: "Who Was Who in the Napoleonic Wars "
=590  \\$aHorward Collection$9LOCAL
=700  1\$aHaythornthwatte, Philip J.
=936  1\$aHorward, Donald D.,$edonor$9LOCAL

