=LDR  00644nam a2200181Mi 4500
=008  \\\\\\s1912\\\\xx\\\\\\\\\\\\000\0\\\\\d
=040  \\$aFDA$beng$cFDA
=035  \\$a(FSUSCA)Horward_Row_2_Section_8_1365
=245  00$aWife of General Bonaparte /$cJoseph Turquan
=264  \1$a[Place of publication not identified] :$bJohn Lane the Bodley Head,$c1912
=300  \\$avolume
=336  \\$atext$btxt$2rdacontent
=337  \\$aunmediated$bn$2rdamedia
=338  \\$avolume$bnc$2rdacarrier
=500  \\$aTitle on spreadsheet: "The Wife of General Bonaparte"
=590  \\$aHorward Collection$9LOCAL
=700  1\$aTurquan, Joseph
=936  1\$aHorward, Donald D.,$edonor$9LOCAL

