=LDR  00797nam a2200193Mi 4500
=008  \\\\\\s1992\\\\xx\\\\\\\\\\\\000\0\\\\\d
=040  \\$aFDA$beng$cFDA
=035  \\$a(FSUSCA)Horward_Row_2_Section_3_490
=245  00$aWith Eagles to Glory, Napoleon and his German Allies in the 1809 Campaign /$cJohn H. Gill
=264  \1$a[Place of publication not identified] :$bGreenhill Books: Presidio Press,$c1992
=300  \\$avolume
=336  \\$atext$btxt$2rdacontent
=337  \\$aunmediated$bn$2rdamedia
=338  \\$avolume$bnc$2rdacarrier
=500  \\$aTitle on spreadsheet: "With Eagles to Glory: Napoleon and his German Allies in the 1809 Campaign"
=500  \\$aSigned and paper copy of Table of Contents.
=590  \\$aHorward Collection$9LOCAL
=700  1\$aGill, John H.
=936  1\$aHorward, Donald D.,$edonor$9LOCAL

