=LDR  00626nam a2200181Mi 4500
=008  \\\\\\s2001\\\\xx\\\\\\\\\\\\000\0\\\\\d
=040  \\$aFDA$beng$cFDA
=035  \\$a(FSUSCA)Horward_Row_2_Section_9_1498
=245  00$aWith Napoleon in Russia /$cJonathan North
=264  \1$a[Place of publication not identified] :$bGreenhill Books,$c2001
=300  \\$avolume
=336  \\$atext$btxt$2rdacontent
=337  \\$aunmediated$bn$2rdamedia
=338  \\$avolume$bnc$2rdacarrier
=500  \\$aTitle on spreadsheet: "With Napoleon in Russia"
=590  \\$aHorward Collection$9LOCAL
=700  1\$aNorth, Jonathan
=936  1\$aHorward, Donald D.,$edonor$9LOCAL

