=LDR  00635nam a2200181Mi 4500
=008  \\\\\\s1989\\\\xx\\\\\\\\\\\\000\0\\\\\d
=040  \\$aFDA$beng$cFDA
=035  \\$a(FSUSCA)Horward_Row_2_Section_9_1509
=245  00$aWomen of the French Revolution /$cLinda Kelly
=264  \1$a[Place of publication not identified] :$bHamish Hamilton,$c1989
=300  \\$avolume
=336  \\$atext$btxt$2rdacontent
=337  \\$aunmediated$bn$2rdamedia
=338  \\$avolume$bnc$2rdacarrier
=500  \\$aTitle on spreadsheet: "Women of the French Revolution "
=590  \\$aHorward Collection$9LOCAL
=700  1\$aKelly, Linda
=936  1\$aHorward, Donald D.,$edonor$9LOCAL

