=LDR  00627nam a2200193Mi 4500
=008  \\\\\\s1900\\\\xx\\\\\\\\\\\\000\0\\\\\d
=040  \\$aFDA$beng$cFDA
=035  \\$a(FSUSCA)Horward_Row_2_Section_9_1609
=245  00$aWords on Wellington /$cFraser
=250  \\$aNew Edition
=264  \1$a[Place of publication not identified] :$bJohn C. Nimmo,$c1900
=300  \\$avolume
=336  \\$atext$btxt$2rdacontent
=337  \\$aunmediated$bn$2rdamedia
=338  \\$avolume$bnc$2rdacarrier
=500  \\$aTitle on spreadsheet: "Words on Wellington"
=590  \\$aHorward Collection$9LOCAL
=700  1\$aFraser
=936  1\$aHorward, Donald D.,$edonor$9LOCAL

