=LDR  00682nam a2200181Mi 4500
=008  \\\\\\s1969\\\\xx\\\\\\\\\\\\000\0\\\\\d
=040  \\$aFDA$beng$cFDA
=035  \\$a(FSUSCA)Horward_Row_2_Section_8_1319
=245  00$aYear of Liberty The Great Irish Rebellion of 1798 /$cThomas Pakenham
=264  \1$a[Place of publication not identified] :$bPrentice-Hall,$c1969
=300  \\$avolume
=336  \\$atext$btxt$2rdacontent
=337  \\$aunmediated$bn$2rdamedia
=338  \\$avolume$bnc$2rdacarrier
=500  \\$aTitle on spreadsheet: "The Year of Liberty The Great Irish Rebellion of 1798"
=590  \\$aHorward Collection$9LOCAL
=700  1\$aPakenham, Thomas
=936  1\$aHorward, Donald D.,$edonor$9LOCAL

