=LDR  00639nam a2200193Mi 4500
=008  \\\\\\s1972\\\\xx\\\\\\\\\\\\000\0\\\\\d
=040  \\$aFDA$beng$cFDA
=035  \\$a(FSUSCA)Horward_Row_4_Section_8_2619
=245  00$aYears of Napoleon /$cHunt and Embleton
=264  \1$a[Place of publication not identified] :$bAlmark Publications,$c1972
=300  \\$avolume
=336  \\$atext$btxt$2rdacontent
=337  \\$aunmediated$bn$2rdamedia
=338  \\$avolume$bnc$2rdacarrier
=500  \\$aTitle on spreadsheet: "The Years of Napoleon"
=590  \\$aHorward Collection$9LOCAL
=700  1\$aHunt
=700  1\$aEmbleton
=936  1\$aHorward, Donald D.,$edonor$9LOCAL

