=LDR  00680nam a2200181Mi 4500
=008  \\\\\\s1966\\\\xx\\\\\\\\\\\\000\0\\\\\d
=040  \\$aFDA$beng$cFDA
=035  \\$a(FSUSCA)Horward_Row_2_Section_11_1972
=245  00$aYorck and the Era of Prussian Reform, 1807-1815 /$cPeter Paret
=264  \1$a[Place of publication not identified] :$bPrinceton University Press,$c1966
=300  \\$avolume
=336  \\$atext$btxt$2rdacontent
=337  \\$aunmediated$bn$2rdamedia
=338  \\$avolume$bnc$2rdacarrier
=500  \\$aTitle on spreadsheet: "Yorck and the Era of Prussian Reform, 1807-1815"
=590  \\$aHorward Collection$9LOCAL
=700  1\$aParet, Peter
=936  1\$aHorward, Donald D.,$edonor$9LOCAL

