=LDR  00664nam a2200181Mi 4500
=008  \\\\\\s1968\\\\xx\\\\\\\\\\\\000\0\\\\\d
=040  \\$aFDA$beng$cFDA
=035  \\$a(FSUSCA)Horward_Row_4_Section_8_2623
=245  00$aYork and Lancaster Regiment /$cDonald Creighton-Williamson
=264  \1$a[Place of publication not identified] :$bLeo Cooper Ltd.,$c1968
=300  \\$avolume
=336  \\$atext$btxt$2rdacontent
=337  \\$aunmediated$bn$2rdamedia
=338  \\$avolume$bnc$2rdacarrier
=500  \\$aTitle on spreadsheet: "The York and Lancaster Regiment"
=590  \\$aHorward Collection$9LOCAL
=700  1\$aCreighton-Williamson, Donald
=936  1\$aHorward, Donald D.,$edonor$9LOCAL

